Product_title,Product_image,Packsize,Price,Price per unit
Forresters Sensations Wasabi Peanuts 240g,https://www.aldi.com.au/fileadmin/_processed_/3/f/csm_ALN3635_LTO_W44_1x1_228x128__887448a0aa.jpg,240g,$2.99,$12.46 per kg
Forresters Sensations Savoury Mixed Nuts 150g,https://www.aldi.com.au/fileadmin/_processed_/c/8/csm_ALN3635_LTO_W44_1x1_228x128_2_3b35ab5234.jpg,ea,$2.99,$19.93 per kg
Forresters Pistachio Kernels 80g,https://www.aldi.com.au/fileadmin/_processed_/e/8/csm_ALN3635_LTO_W44_1x1_228x128_3_f9d6602675.jpg,80g,$3.49,$43.63 per kg
Forresters Honey Roasted Macadamias 400g,https://www.aldi.com.au/fileadmin/_processed_/8/0/csm_ALN3635_LTO_W44_1x1_228x128_4_edd2037491.jpg,400g,$13.99,$34.98 per kg
French Fries 175g,https://www.aldi.com.au/fileadmin/_processed_/7/3/csm_ALN3635_LTO_W44_1x1_228x128_5_046f52b1e9.jpg,175g,$2.49,$1.42 per 100g
Parker's Pretzel Minis 6pk/150g,https://www.aldi.com.au/fileadmin/_processed_/b/b/csm_ALN3635_LTO_W44_1x1_228x128_6_d2d51422e4.jpg,6pk,$2.49,$1.66 per 100g
Harvest Snaps 200g,https://www.aldi.com.au/fileadmin/_processed_/8/8/csm_ALN3635_LTO_W44_1x1_228x128_7_bbc0db69a0.jpg,200g,$4.99,$2.50 per 100g
Jumpy's Chicken Snacks 6pk/108g,https://www.aldi.com.au/fileadmin/_processed_/7/4/csm_ALN3635_LTO_W44_1x1_228x128_8_7b53e15a0f.jpg,6pk,$2.99,$2.77 per 100g
Delicious Destinations Novelty Shaped Bath Bombs 150g,https://www.aldi.com.au/fileadmin/_processed_/4/5/csm_ALN3635_LTO_W44_1x1_228x128_9_027e9afd29.jpg,ea,$3.99,$2.66 per 100g
Olay Complete Sensitive Lotion SPF15 150ml,https://www.aldi.com.au/fileadmin/_processed_/f/d/csm_ALN3635_LTO_W44_1x1_228x128_10_26a5918f6e.jpg,150ml,$9.99,$6.66 per 100ml
Nivea Biodegradeable Cleansing Wipes 25pk,https://www.aldi.com.au/fileadmin/_processed_/1/9/csm_ALN3635_LTO_W44_1x1_228x128_11_1e66c2b984.jpg,25pk,$3.99,16c per wipe
Nivea Soft All Purpose Cream 300ml,https://www.aldi.com.au/fileadmin/_processed_/a/6/csm_ALN3635_LTO_W44_1x1_228x128_12_282df83bd6.jpg,300ml,$7.99,$2.66 per 100ml
Head and Shoulders Anti Dandruff Shampoo 250ml,https://www.aldi.com.au/fileadmin/_processed_/d/7/csm_ALN3635_LTO_W44_1x1_228x128_13_a141376561.jpg,ea,$5.99,$2.40 per 100ml
Schwarzkopf Pastels Live Semi-Permanent Hair Colour 30ml,https://www.aldi.com.au/fileadmin/_processed_/b/5/csm_ALN3635_LTO_W44_1x1_228x128_14_b847158ff3.jpg,30ml,$4.79,$15.97 per 100ml
Garnier Micellar Cleansing Water 200ml,https://www.aldi.com.au/fileadmin/_processed_/7/c/csm_ALN3635_LTO_W44_1x1_228x128_15_59a10e956a.jpg,200ml,$4.99,$2.50 per 100ml
Garnier BB Cream 50ml,https://www.aldi.com.au/fileadmin/_processed_/3/d/csm_ALN3635_LTO_W44_1x1_228x128_16_320d4ad096.jpg,50ml,$9.99,$19.98 per 100ml
Gillette Venus Simply 3 Blade Disposable Razors 3pk,https://www.aldi.com.au/fileadmin/_processed_/3/b/csm_ALN3635_LTO_W44_1x1_228x128_17_3b6cec1eb1.jpg,3pk,$3.99,$1.33 per razor
Colway Marinades 375g,https://www.aldi.com.au/fileadmin/_processed_/f/5/csm_ALN3635_LTO_W42_1x1_228x128__feed1881b5.jpg,375g,$1.99,53c per 100g
Masterfoods Relish or Chutney 250g,https://www.aldi.com.au/fileadmin/_processed_/e/1/csm_ALN3635_LTO_W42_1x1_228x128_2_18e1cde5bb.jpg,250g,$2.99,$1.20 per 100g
Mcilhenny Co Tabasco Sauce 60ml,https://www.aldi.com.au/fileadmin/_processed_/1/9/csm_ALN3635_LTO_W42_1x1_228x128_3_f1c69b4c44.jpg,60ml,$3.99,$6.65 per 100ml
Masterfoods Mild American Mustard 250g,https://www.aldi.com.au/fileadmin/_processed_/f/2/csm_ALN3635_LTO_W42_1x1_228x128_4_c13f394814.jpg,250g,$2.99,$1.20 per 100g
Masterfoods Hot Chilli Sauce 250ml,https://www.aldi.com.au/fileadmin/_processed_/0/3/csm_ALN3635_LTO_W42_1x1_228x128_5_f71abe5378.jpg,250ml,$2.29,92c per 100ml
Colway Worcestershire Sauce 250ml,https://www.aldi.com.au/fileadmin/_processed_/6/f/csm_ALN3635_LTO_W42_1x1_228x128_6_1b44922a72.jpg,250ml,$1.99,80c per 100ml
Praise Flavoured Mayonnaise 250ml,https://www.aldi.com.au/fileadmin/_processed_/9/6/csm_ALN3635_LTO_W42_1x1_228x128_7_667989fd62.jpg,250ml,$2.99,$1.20 per 100ml
World Kitchen Chicken Thigh with Chat Potatoes Meal 350g,https://www.aldi.com.au/fileadmin/_processed_/b/5/csm_ALN3635_LTO_W42_1x1_228x128_8_883812dc34.jpg,350g,$7.99,$2.28 per 100g
World Kitchen Tomato Vodka Pasta Sauce 250g,https://www.aldi.com.au/fileadmin/_processed_/c/5/csm_ALN3635_LTO_W42_1x1_228x128_9_e9adfe0c77.jpg,250g,$3.49,$1.40 per 100g
World Kitchen Roast Duck Ravioli 350g,https://www.aldi.com.au/fileadmin/_processed_/0/1/csm_ALN3635_LTO_W42_1x1_228x128_10_54bfa34495.jpg,350g,$4.99,$1.43 per 100g
World Kitchen Beef Tortellini Mexican Style 625g,https://www.aldi.com.au/fileadmin/_processed_/d/2/csm_ALN3635_LTO_W42_1x1_228x128_11_01f69db76f.jpg,625g,$3.69,59c per 100g
Pikt & Chopt Herb Pouches 75g,https://www.aldi.com.au/fileadmin/_processed_/9/f/csm_ALN3635_LTO_W42_1x1_228x128_12_d2125b5e2b.jpg,75g,$2.99,40c per 10g
Urban Eats Dumplings Family Pack 20pk/625g,https://www.aldi.com.au/fileadmin/_processed_/b/9/csm_ALN3478-2_NEW__B2__1x1_228x128__bfd0766859.jpg,N/A,$9.99,$1.60 per 100g
Urban Eats Bao Buns 8pk/256g,https://www.aldi.com.au/fileadmin/_processed_/5/8/csm_ALN3478-2_NEW__B2__1x1_228x128_2_0226d51210.jpg,N/A,$3.69,$1.44 per 100g
Forresters Roasted & Salted Peanuts 750g,https://www.aldi.com.au/fileadmin/_processed_/f/7/csm_ALN3478-2_NEW__B2__1x1_228x128_4_160733d980.jpg,N/A,$2.99,40c per 100g
Deli Originals Fresh Garlic Dip 200g,https://www.aldi.com.au/fileadmin/_processed_/a/a/csm_ALN3478-2_NEW__B3__1x1_228x128__2a8e95d82a.jpg,N/A,$2.79,$1.40 per 100g
Lodge Farms Large Free Range Eggs 18pk/900g,https://www.aldi.com.au/fileadmin/_processed_/0/3/csm_ALN3478-2_NEW__B3__1x1_228x128_2_f843e15ba9.jpg,N/A,$5.49,61c per 100g
Cachet Gourmet Cat Food Fish 85g,https://www.aldi.com.au/fileadmin/_processed_/f/5/csm_ALN3478-2_NEW__B3__1x1_228x128_5_3bf31854bf.jpg,N/A,79c,93c per 100g
Choceur Cookies & Cream Chocolate Block 180g,https://www.aldi.com.au/fileadmin/_processed_/a/a/csm_ALN3478-2_NEW__B3__1x1_228x128_6_99b91817ff.jpg,N/A,$1.99,$1.11 per 100g
Choceur Peanut & Crunchy Flakes Chocolate Block 200g,https://www.aldi.com.au/fileadmin/_processed_/5/1/csm_ALN3478-2_NEW__B3__1x1_228x128_7_9d3333b67b.jpg,N/A,$1.99,$1.00 per 100g
The Soup Co. Pouched Soups 400g,https://www.aldi.com.au/fileadmin/_processed_/f/6/csm_ALN3478-NEW_1x1_228x128_2_a7984bb40f.jpg,ea,$2.49,62c per 100g
The Soup Co. Authentic Cup of Soup 100g,https://www.aldi.com.au/fileadmin/_processed_/5/4/csm_ALN3478-NEW_1x1_228x128_3_be45fe487c.jpg,ea,99c,99c per 100g
World Kitchen Chunky Angus Beef Pie 700g,https://www.aldi.com.au/fileadmin/_processed_/0/c/csm_ALN3478-NEW_1x1_228x128_5_5cab5bb8bb.jpg,N/A,$8.99,$1.28 per 100g
New Season Whole Champignons 425g,https://www.aldi.com.au/fileadmin/_processed_/9/b/csm_ALN3478-NEW_1x1_228x128_8_cd92585413.jpg,N/A,$1.29,$3.04 per kg
Knoppers Coconut 8pk/200g,https://www.aldi.com.au/fileadmin/_processed_/7/c/csm_ALN3478-NEW_1x1_228x128_10_7ed6ef98f6.jpg,8pk,$2.99,$1.50 per 100g
Expressi Coffee Capsules 16pk,https://www.aldi.com.au/fileadmin/_processed_/f/5/csm_ALN3478-NEW_1x1_228x128_20_9569ca4be4.jpg,ea,$5.99,37c per capsule
Belmont Biscuit Co. Cookies & Crème 154g,https://www.aldi.com.au/fileadmin/_processed_/d/9/csm_ALN3478-NEW_1x1_228x128_31_36335cfc55.jpg,N/A,99c,64c per 100g
Belmont Biscuit Co. Nice Biscuits 250g,https://www.aldi.com.au/fileadmin/_processed_/4/5/csm_ALN3478-NEW_1x1_228x128_23_2faa4d118d.jpg,N/A,$1.29,52c per 100g
Belmont Biscuit Co. Chocolate Coconut Cookies 185g,https://www.aldi.com.au/fileadmin/_processed_/8/3/csm_ALN3478-NEW_1x1_228x128_24_d2a23dfbe3.jpg,N/A,$1.99,$1.08 per 100g
Bisca Danish Butter Cookies 375g,https://www.aldi.com.au/fileadmin/_processed_/8/2/csm_ALN3478-NEW_1x1_228x128_25_d6d0f18c2d.jpg,N/A,$3.99,$1.06 per 100g
Expressi Organic,https://www.aldi.com.au/fileadmin/_processed_/b/3/csm_ALN2364_THEME_HEADINGS_298x298_10_bab71d9735.jpg,16pk,$5.99,37c per capsule
Expressi Calabrese,https://www.aldi.com.au/fileadmin/_processed_/9/9/csm_ALN2853_EXPRESSI_COFFEE_1x1_228x128_2_5c3430b56b.jpg,16pk,$5.99,37c per capsule
Expressi Abruzzo,https://www.aldi.com.au/fileadmin/_processed_/3/2/csm_ALN2853_EXPRESSI_COFFEE_1x1_228x128_3_c2752b84ae.jpg,16pk,$5.99,37c per capsule
Expressi Torino,https://www.aldi.com.au/fileadmin/_processed_/9/b/csm_ALN2853_EXPRESSI_COFFEE_1x1_228x128_4_d0ff45e335.jpg,16pk,$5.99,37c per capsule
Expressi Milano,https://www.aldi.com.au/fileadmin/_processed_/b/9/csm_ALN2853_EXPRESSI_COFFEE_1x1_228x128_6_b69b12b766.jpg,16pk,$5.99,37c per capsule
Expressi Reggio,https://www.aldi.com.au/fileadmin/_processed_/b/b/csm_ALN2853_EXPRESSI_COFFEE_1x1_228x128_7_75f08ce36c.jpg,16pk,$5.99,37c per capsule
Expressi Renzo,https://www.aldi.com.au/fileadmin/_processed_/0/5/csm_ALN2853_EXPRESSI_COFFEE_1x1_228x128_8_18bb2d058a.jpg,16pk,$5.99,37c per capsule
Expressi Decaffi,https://www.aldi.com.au/fileadmin/_processed_/5/9/csm_ALN2853_EXPRESSI_COFFEE_1x1_228x128_9_f507d53211.jpg,16pk,$5.99,37c per capsule
Expressi Valletta,https://www.aldi.com.au/fileadmin/_processed_/a/b/csm_ALN2853_EXPRESSI_COFFEE_1x1_228x128_10_7b082d8bdd.jpg,16pk,$5.99,37c per capsule
Expressi Tauro,https://www.aldi.com.au/fileadmin/_processed_/8/a/csm_ALN2853_EXPRESSI_COFFEE_1x1_228x128_11_38cdb4d692.jpg,16pk,$5.99,37c per capsule
Expressi Intenzo,https://www.aldi.com.au/fileadmin/_processed_/8/9/csm_ALN2853_EXPRESSI_COFFEE_1x1_228x128_12_cac6acf61a.jpg,120g,$5.99,37c per capsule
Expressi Rich Hot Chocolate,https://www.aldi.com.au/fileadmin/_processed_/c/7/csm_ALN2364_THEME_HEADINGS_298x298_11_e6226ba097.jpg,16pk,$5.99,37c per capsule
EXPRESSI Coffee Capsule Machine – Steel Grey,https://www.aldi.com.au/fileadmin/_processed_/7/9/csm_ALN2364_THEME_HEADINGS_298x298_12_38e62d98ff.jpg,N/A,$79.99,
EXPRESSI Coffee Capsule Machine – One,https://www.aldi.com.au/fileadmin/_processed_/c/d/csm_ALN2853_EXPRESSI_COFFEE_1x1_228x128_14_2e4887a4fc.jpg,N/A,$69.99,
EXPRESSI Milk Frother,https://www.aldi.com.au/fileadmin/_processed_/a/7/csm_ALN3248_Q1_WEB-AUDIT__COFFEE__1x1_228x128_595d03ae5b.jpg,N/A,$29.99,
Just Organic Pasta Sauces 500g,https://www.aldi.com.au/fileadmin/_processed_/9/f/csm_ALN2745_Q2_WEB_AUDIT__JUST-ORGANIC__1x1_228x128_1_a02c6a78fe.jpg,N/A,$2.49,50c per 100g
Just Organic Passata 690g,https://www.aldi.com.au/fileadmin/_processed_/3/a/csm_ALN2230_Q1_ORGANIC_1x1_228x128_3_fb7f52bc89.jpg,N/A,$2.09,30c per 100g
Just Organic Penne Pasta 500g,https://www.aldi.com.au/fileadmin/_processed_/0/7/csm_ALN2460_Q3_WEB_AUDIT_Just_Organic__1x1_228x128_5_8820d95ba9.jpg,N/A,$1.59,32c per 100g
Just Organic Baked Beans in Tomato Sauce 420g,https://www.aldi.com.au/fileadmin/_processed_/7/f/csm_ALN2745_Q2_WEB_AUDIT__JUST-ORGANIC__1x1_228x128_2_51595ce338.jpg,N/A,95c,23c per 100g
Just Organic Quinoa – White or Tricolour 500g,https://www.aldi.com.au/fileadmin/_processed_/f/0/csm_ALN2670_Q1_WEB_AUDIT__JUST_ORGANIC__1x1_228x128__06fd270707.jpg,N/A,$6.49,$1.00 per 100g
Just Organic Green Tea 50pk/75g,https://www.aldi.com.au/fileadmin/_processed_/b/c/csm_ALN2460_Q3_WEB_AUDIT_Just_Organic__1x1_228x128_2_1c4b59e61c.jpg,N/A,$2.49,$3.32 per 100g
Just Organic Rooibos Tea 50pk/80g,https://www.aldi.com.au/fileadmin/_processed_/d/9/csm_ALN2460_Q3_WEB_AUDIT_Just_Organic__1x1_228x128_3_f01fe6955f.jpg,N/A,$2.49,$3.11 per 100g
Just Organic Black Tea 50pk/100g,https://www.aldi.com.au/fileadmin/_processed_/f/e/csm_ALN2460_Q3_WEB_AUDIT_Just_Organic__1x1_228x128_4_18d9d12601.jpg,N/A,$2.49,$2.49 per 100g
Ginger & Lemon Kombucha 330ml,https://www.aldi.com.au/fileadmin/_processed_/b/6/csm_ALN3354_Q2-WEB-AUDIT_1x1_228x128__d0fce16571.jpg,N/A,$2.49,$6.03 per litre
Raspberry Lemonade Kombucha 330ml,https://www.aldi.com.au/fileadmin/_processed_/8/c/csm_ALN3354_Q2-WEB-AUDIT_1x1_228x128_2_e664735d98.jpg,N/A,$2.49,$6.03 per litre
Just Organic Apple Cider Vinegar 500ml,https://www.aldi.com.au/fileadmin/_processed_/0/b/csm_ALN2230_Q1_ORGANIC_1x1_228x128_9_13ebed85c3.jpg,N/A,$3.29,66c per 100ml
Just Organic UHT Milk 1L,https://www.aldi.com.au/fileadmin/_processed_/c/f/csm_ALN2619_Q4_WEB_AUDIT_JUST_ORGANIC_1x1_228x128__5beb2e3fe6.jpg,N/A,$1.79,$1.79 per litre
Just Organic UHT Soy Milk 1L,https://www.aldi.com.au/fileadmin/_processed_/e/1/csm_ALN2218_Q2_Just_Organic_UHT_Soy_milk_1L_1x1_228x128_76d25f9005.jpg,N/A,$1.49,$1.49 per litre
Just Organic Natural Yogurt 1kg,https://www.aldi.com.au/fileadmin/_processed_/e/7/csm_ALN3510_Q3_AWARDS_DAIRY_1x1_228x128_14_72056d61fb.jpg,N/A,$4.49,45c per 100g
Just Organic Vanilla Bean Yogurt 1kg,https://www.aldi.com.au/fileadmin/_processed_/b/8/csm_ALN3510_Q3_AWARDS_DAIRY_1x1_228x128_15_b3d774e98e.jpg,N/A,$4.49,45c per 100g
Just Organic Brie 125g,https://www.aldi.com.au/fileadmin/_processed_/c/2/csm_ALN2362_Just_Organic_Brie_125g_1x1_228x128_53fe03b357.jpg,N/A,$3.99,$31.92 per kg
Just Organic Granola 500g Berry,https://www.aldi.com.au/fileadmin/_processed_/3/c/csm_ALN2218_Q2_Just_Organic_Granola_500g_Berry_1x1_228x128_01_2a453ebad6.jpg,500g,$4.49,90c per 100g
Just Organic Granola 500g Coconut & Chia,https://www.aldi.com.au/fileadmin/_processed_/2/b/csm_ALN2853_AWARDS_JUST-ORGANIC_1x1_228x128_6b9370a881.jpg,500g,$4.49,90c per 100g
Just Organic Sun-Dried Thompson Seedless Raisins 375g,https://www.aldi.com.au/fileadmin/_processed_/8/e/csm_ALN2230_Q1_ORGANIC_1x1_228x128_13_b0a251a243.jpg,N/A,$3.99,$10.64 per kg
Just Organic Extra Virgin Coconut Oil 300g,https://www.aldi.com.au/fileadmin/_processed_/7/7/csm_ALN2460_Q3_WEB_AUDIT_Just_Organic__1x1_228x128__bcf6122767.jpg,N/A,$3.99,$1.33 per 100g
Just Organic Natural Coconut Flakes 200g,https://www.aldi.com.au/fileadmin/_processed_/2/a/csm_ALN1989_ORGANIC_1x1_33_47fd0e8f64.jpg,N/A,$3.99,$19.95 per kg
Just Organic Toasted Coconut Flakes with Sea Salt 140g,https://www.aldi.com.au/fileadmin/_processed_/8/4/csm_ALN1989_ORGANIC_1x1_34_386d507624.jpg,N/A,$3.99,$28.50 per kg
Just Organic Dark Chocolate with Sea Salt 100g,https://www.aldi.com.au/fileadmin/_processed_/4/0/csm_ALN2460_Q3_WEB_AUDIT_Chocolate__1x1_228x128__a35e410266.jpg,N/A,$2.79,$2.79 per 100g
Just Organic Dark Chocolate 100g,https://www.aldi.com.au/fileadmin/_processed_/5/7/csm_ALN2460_Q3_WEB_AUDIT_Chocolate__1x1_228x128_2_476e50ad91.jpg,N/A,$2.79,$2.79 per 100g
Just Organic Yogurt Assorted Varieties 70g,https://www.aldi.com.au/fileadmin/_processed_/1/5/csm_ALN3510_Q3_DAIRY_1x1_228x128__a242f7370e.jpg,70g,99c,$1.41 per 100g
Just Organic Extra Virgin Olive Oil 500ml,https://www.aldi.com.au/fileadmin/_processed_/2/5/csm_ALN2218_Q2_Just_Organic_Extra_Virgin_Olive_Oil_500ml_1x1_228x128_485ea2e082.jpg,500ml,$4.69,94c per 100ml
Just Organic Large Free Range Eggs 6 Pack 300g,https://www.aldi.com.au/fileadmin/_processed_/7/9/csm_ALN2670_Q1_WEB_AUDIT__DAIRY_EGGS__1x1_228x128_5_34abfa032d.jpg,6pk,$3.99,$1.33 per 100g
Choceur Crunchy Salted Caramel 200g,https://www.aldi.com.au/fileadmin/_processed_/a/c/csm_ALN3510_Q3_CHOCOLATE_1x1_228x128_19_a269b3a758.jpg,N/A,$2.99,$1.50 per 100g
Choceur Dark Caramel Sea Salt 200g,https://www.aldi.com.au/fileadmin/_processed_/6/7/csm_ALN3510_Q3_CHOCOLATE_1x1_228x128_20_9025a7f5c0.jpg,N/A,$2.99,$1.50 per 100g
Choceur Milk Coconut 200g,https://www.aldi.com.au/fileadmin/_processed_/5/d/csm_ALN3510_Q3_CHOCOLATE_1x1_228x128_22_f5231bbc23.jpg,N/A,$2.99,$1.50 per 100g
Choceur Peanut & Crunchy Flakes Chocolate Block 200g,https://www.aldi.com.au/fileadmin/_processed_/b/e/csm_ALN3510_Q3_CHOCOLATE_1x1_228x128_23_27a25f29f4.jpg,N/A,$2.99,$1.50 per 100g
Choceur White Coconut 200g,https://www.aldi.com.au/fileadmin/_processed_/d/0/csm_ALN3510_Q3_CHOCOLATE_1x1_228x128_24_d74824b399.jpg,N/A,$2.99,$1.50 per 100g
Choceur Caramel Filled Milk Chocolate Block 200g,https://www.aldi.com.au/fileadmin/_processed_/a/3/csm_ALN3510_Q3_CHOCOLATE_1x1_228x128_25_6d51d73177.jpg,N/A,$2.99,$1.50 per 100g
Choceur Milk & White Chocolate Block 200g,https://www.aldi.com.au/fileadmin/_processed_/2/1/csm_ALN3510_Q3_CHOCOLATE_1x1_228x128_26_0c7edbd339.jpg,N/A,$2.99,$1.50 per 100g
Choceur Salted Pretzel Chocolate Block 200g,https://www.aldi.com.au/fileadmin/_processed_/7/2/csm_ALN3510_Q3_CHOCOLATE_1x1_228x128_27_818d7c6aee.jpg,N/A,$2.99,$1.50 per 100g
Choceur Coffee & Cream Chocolate Block 200g,https://www.aldi.com.au/fileadmin/_processed_/c/f/csm_ALN3510_Q3_CHOCOLATE_1x1_228x128_28_2ec4e83975.jpg,N/A,$2.99,$1.50 per 100g
Choceur Milk Hazelnut Chocolate Block 200g,https://www.aldi.com.au/fileadmin/_processed_/2/7/csm_ALN3510_Q3_CHOCOLATE_1x1_228x128_29_7afdccfb2f.jpg,N/A,$2.99,$1.50 per 100g
Choceur Dark Hazelnut Chocolate Block 200g,https://www.aldi.com.au/fileadmin/_processed_/d/2/csm_ALN3510_Q3_CHOCOLATE_1x1_228x128_30_ae61feb094.jpg,N/A,$2.99,$1.50 per 100g
Choceur Fruit & Nut Chocolate Block 200g,https://www.aldi.com.au/fileadmin/_processed_/8/5/csm_ALN3510_Q3_CHOCOLATE_1x1_228x128_31_9a67562080.jpg,N/A,$2.99,$1.50 per 100g
Choceur White Chocolate Block 200g,https://www.aldi.com.au/fileadmin/_processed_/4/4/csm_ALN3510_Q3_CHOCOLATE_1x1_228x128_32_242a82eaf3.jpg,N/A,$2.99,$1.50 per 100g
Choceur Rum Raisin & Nut Chocolate Block 200g,https://www.aldi.com.au/fileadmin/_processed_/1/7/csm_ALN3510_Q3_CHOCOLATE_1x1_228x128_33_0cfc3f4f0a.jpg,N/A,$2.99,$1.50 per 100g
Choceur Milk Chocolate Block 200g,https://www.aldi.com.au/fileadmin/_processed_/9/e/csm_ALN3510_Q3_CHOCOLATE_1x1_228x128_34_23130dc3a1.jpg,N/A,$2.99,$1.50 per 100g
Choceur Dark Chocolate Block 200g,https://www.aldi.com.au/fileadmin/_processed_/6/5/csm_ALN3510_Q3_CHOCOLATE_1x1_228x128_35_1a7e260b8e.jpg,N/A,$2.99,$1.50 per 100g
Choceur Milk Almond Chocolate Block 200g,https://www.aldi.com.au/fileadmin/_processed_/2/7/csm_ALN3510_Q3_CHOCOLATE_1x1_228x128_36_0365981217.jpg,N/A,$2.99,$1.50 per 100g
Choceur Dark Almond Chocolate Block 200g,https://www.aldi.com.au/fileadmin/_processed_/9/c/csm_ALN3510_Q3_CHOCOLATE_1x1_228x128_37_f904b6a51b.jpg,N/A,$2.99,$1.50 per 100g
Choceur Cookies & Cream Chocolate Block 180g,https://www.aldi.com.au/fileadmin/_processed_/8/2/csm_ALN3510_Q3_CHOCOLATE_1x1_228x128_18_591afc14c0.jpg,N/A,$2.99,$1.66 per 100g
Choceur Dark Peppermint 205g,https://www.aldi.com.au/fileadmin/_processed_/f/c/csm_ALN3510_Q3_CHOCOLATE_1x1_228x128_21_4ddf3cf90b.jpg,N/A,$2.99,$1.46 per 100g
Hazelnut Crème Mini Chocolate Bars 5 x 40g,https://www.aldi.com.au/fileadmin/_processed_/e/3/csm_ALN3510_Q3_CHOCOLATE_1x1_228x128__7caa235cb2.jpg,5pk,$2.99,$1.50 per 100g
Milk Mini Chocolate Bars 5 x 40g,https://www.aldi.com.au/fileadmin/_processed_/e/0/csm_ALN3510_Q3_CHOCOLATE_1x1_228x128_2_ff1ca3d5ab.jpg,5pk,$2.99,$1.50 per 100g
Dark Mini Chocolate Bars 5 x 40g,https://www.aldi.com.au/fileadmin/_processed_/f/a/csm_ALN3510_Q3_CHOCOLATE_1x1_228x128_3_cd0e377328.jpg,5pk,$2.99,$1.50 per 100g
White Mini Chocolate Bars 5 x 40g,https://www.aldi.com.au/fileadmin/_processed_/e/1/csm_ALN3510_Q3_CHOCOLATE_1x1_228x128_4_47f0fbaaa1.jpg,5pk,$2.99,$1.50 per 100g
Hazelnut Mini Chocolate Bars 5 x 40g,https://www.aldi.com.au/fileadmin/_processed_/5/f/csm_ALN3510_Q3_CHOCOLATE_1x1_228x128_5_402f3eb5d0.jpg,5pk,$2.99,$1.50 per 100g
Marzipan Mini Chocolate Bars 5 x 40g,https://www.aldi.com.au/fileadmin/_processed_/0/9/csm_ALN3510_Q3_CHOCOLATE_1x1_228x128_6_82add6b040.jpg,5pk,$2.99,$1.50 per 100g
Choceur Mountain Bar 100g,https://www.aldi.com.au/fileadmin/_processed_/5/c/csm_ALN2230_Q1_CHOCOLATE_1x1_228x128__b9f35aa6ba.jpg,N/A,$1.99,$1.99 per 100g
Moser Roth Orange & Almond Chocolate Block 125g,https://www.aldi.com.au/fileadmin/_processed_/f/7/csm_ALN3510_Q3_CHOCOLATE_1x1_228x128_7_435324dd3d.jpg,N/A,$2.99,$2.39 per 100g
Moser Roth Dark Hazelnut Chocolate Block 125g,https://www.aldi.com.au/fileadmin/_processed_/0/d/csm_ALN3510_Q3_CHOCOLATE_1x1_228x128_8_4e422a7cc9.jpg,N/A,$2.99,$2.39 per 100g
Moser Roth Dark 70% Chocolate Block 125g,https://www.aldi.com.au/fileadmin/_processed_/5/0/csm_ALN3510_Q3_CHOCOLATE_1x1_228x128_9_8f684a3a96.jpg,N/A,$2.99,$2.39 per 100g
Moser Roth Dark 85% Chocolate Block 125g,https://www.aldi.com.au/fileadmin/_processed_/e/9/csm_ALN3510_Q3_CHOCOLATE_1x1_228x128_10_9d3e98ed20.jpg,N/A,$2.99,$2.39 per 100g
Moser Roth Dark Sea Salt Chocolate Block 125g,https://www.aldi.com.au/fileadmin/_processed_/2/8/csm_ALN3510_Q3_CHOCOLATE_1x1_228x128_11_83e31b4d05.jpg,N/A,$2.99,$2.39 per 100g
Moser Roth Dark Mint Chocolate Block 125g,https://www.aldi.com.au/fileadmin/_processed_/d/5/csm_ALN3510_Q3_CHOCOLATE_1x1_228x128_12_ebbd3a2695.jpg,N/A,$2.99,$2.39 per 100g
Moser Roth Dark Raspberry Almond Chocolate Block 125g,https://www.aldi.com.au/fileadmin/_processed_/8/3/csm_ALN3510_Q3_CHOCOLATE_1x1_228x128_13_6b40394e81.jpg,N/A,$2.99,$2.39 per 100g
Moser Roth Dark Sea Salt Caramel Chocolate Block 125g,https://www.aldi.com.au/fileadmin/_processed_/0/7/csm_ALN3510_Q3_CHOCOLATE_1x1_228x128_14_c05bf9a849.jpg,N/A,$2.99,$2.39 per 100g
Moser Roth Milk Chocolate Block 125g,https://www.aldi.com.au/fileadmin/_processed_/6/8/csm_ALN3510_Q3_CHOCOLATE_1x1_228x128_15_299c6f1292.jpg,N/A,$2.99,$2.39 per 100g
Moser Roth Madagascan Vanilla Chocolate Block 125g,https://www.aldi.com.au/fileadmin/_processed_/8/c/csm_ALN3510_Q3_CHOCOLATE_1x1_228x128_16_a918819d17.jpg,N/A,$2.99,$2.39 per 100g
Moser Roth Milk Almond Hazelnut 125g,https://www.aldi.com.au/fileadmin/_processed_/4/2/csm_ALN3510_Q3_CHOCOLATE_1x1_228x128_17_1cb710fd09.jpg,N/A,$2.99,$2.39 per 100g
Just Organic Dark Chocolate with Sea Salt 100g,https://www.aldi.com.au/fileadmin/_processed_/4/0/csm_ALN2460_Q3_WEB_AUDIT_Chocolate__1x1_228x128__a35e410266.jpg,N/A,$2.79,$2.79 per 100g
Just Organic Dark Chocolate 100g,https://www.aldi.com.au/fileadmin/_processed_/5/7/csm_ALN2460_Q3_WEB_AUDIT_Chocolate__1x1_228x128_2_476e50ad91.jpg,N/A,$2.79,$2.79 per 100g
Just Organic Extra Virgin Olive Oil 500ml,https://www.aldi.com.au/fileadmin/_processed_/2/5/csm_ALN2218_Q2_Just_Organic_Extra_Virgin_Olive_Oil_500ml_1x1_228x128_485ea2e082.jpg,500ml,$4.69,94c per 100ml
Remano Olive Oil / Mild Olive Oil 1L,https://www.aldi.com.au/fileadmin/_processed_/b/a/csm_ALN1075_OLIVE-OIL_1x1_228x128_3_01_903bd437f6.jpg,ea,$5.49,55c per 100ml
The Olive Tree Australian Extra Virgin Olive Oil Spray 225g,https://www.aldi.com.au/fileadmin/_processed_/f/b/csm_ALN1726-3_1x1_OLIVE-OIL_228x128__1ed3ae0fb0.jpg,N/A,$2.99,$1.33 per 100g
The Olive Tree Australian Extra Virgin Olive Oil 1L – Classic,https://www.aldi.com.au/fileadmin/_processed_/8/0/csm_ALN3510_Q3_OLIVE-OIL_1x1_228x128__eeaabba23b.jpg,1L,$8.99,90c per 100ml
The Olive Tree Australian Extra Virgin Olive Oil 3L,https://www.aldi.com.au/fileadmin/_processed_/4/1/csm_ALN3510_Q3_OLIVE-OIL_1x1_228x128_2_959e1ebc59.jpg,3L,$23.99,80c per 100ml
Remano Extra Virgin Olive Oil 3.78L,https://www.aldi.com.au/fileadmin/_processed_/5/4/csm_ALN1136_1x1_OIL_228x128_3_ad13e61490.jpg,N/A,$19.99,53c per 100ml
Cobram Estate  Australia Extra Virgin Olive Oil 500ml,https://www.aldi.com.au/fileadmin/_processed_/f/c/csm_ALN1075_OLIVE-OIL_1x1_228x128_3_2e4e733cf5.jpg,ea,$9.49,$1.90 per 100ml
Highland Earl Scotch Whisky 700ml,https://www.aldi.com.au/fileadmin/_processed_/7/5/csm_ALN2364_AWARDS_SPIRITS_1x1_228x128_5_a5e27832de.jpg,N/A,$32.99,
Tamova Quadruple Distilled Vodka 700ml,https://www.aldi.com.au/fileadmin/_processed_/0/a/csm_ALN2619_Q4_WEB_AUDIT_SPIRITS_1x1_228x128__68dc19da09.jpg,N/A,$29.99,
Darley’s London Style Gin 700ml,https://www.aldi.com.au/fileadmin/_processed_/d/5/csm_ALN2364_AWARDS_SPIRITS_1x1_228x128_6_6798243031.jpg,N/A,$29.99,
Highland Black 8YO Blended Scotch Whisky 700ml,https://www.aldi.com.au/fileadmin/_processed_/0/5/csm_ALN2364_AWARDS_SPIRITS_1x1_228x128__bf3a04c542.jpg,N/A,$36.99,
Bluegrass Kentucky Bourbon 700ml,https://www.aldi.com.au/fileadmin/_processed_/5/1/csm_ALN2364_AWARDS_SPIRITS_1x1_228x128_2_e2db5e0930.jpg,N/A,$31.49,
Jim Beam Bourbon 700mL,https://www.aldi.com.au/fileadmin/_processed_/9/a/csm_ALN2218_Jim_Beam_Bourbon_700ml_1x1_228x128_62c16953e5.jpg,N/A,$38.99,
Baroque Brandy 700ml,https://www.aldi.com.au/fileadmin/_processed_/f/6/csm_ALN2364_AWARDS_SPIRITS_1x1_228x128_7_fce9b2f811.jpg,N/A,$29.99,
O’Donnells Irish Country Cream Liqueur 700ml,https://www.aldi.com.au/fileadmin/_processed_/c/e/csm_ALN3510_Q3_AWARDS_LIQUOR_1x1_228x128__35748a6fa3.jpg,N/A,$13.99,
Baileys Irish Cream 700mL,https://www.aldi.com.au/fileadmin/_processed_/8/6/csm_ALN2147_Q4_SPIRITS_1x1_228x128_c9d3ff886a.jpg,N/A,$29.95,
Captain Morgan Original Spiced Gold 700ml,https://www.aldi.com.au/fileadmin/_processed_/c/a/csm_ALN3354_Q2-WEB-AUDIT_1x1_228x128_3_b259035b12.jpg,700ml,$37.99,
Bluegrass Kentucky Straight Bourbon Whiskey & Cola 6pk,https://www.aldi.com.au/fileadmin/_processed_/4/b/csm_ALN3510_Q3_AWARDS_LIQUOR_1x1_228x128_2_82b62bf14e.jpg,6pk,$17.99,
Striganov Vodka Crush Raspberry 4pk,https://www.aldi.com.au/fileadmin/_processed_/5/8/csm_ALN2364_AWARDS_SPIRITS_1x1_228x128_8_29fef96620.jpg,N/A,$9.99,
Striganov Vodka Crush Guava 4pk,https://www.aldi.com.au/fileadmin/_processed_/7/c/csm_ALN2364_AWARDS_SPIRITS_1x1_228x128_9_b59721ae75.jpg,N/A,$9.99,
Striganov Vodka Crush Lemon Lime 4pk,https://www.aldi.com.au/fileadmin/_processed_/b/1/csm_ALN2364_AWARDS_SPIRITS_1x1_228x128_10_f094509d99.jpg,N/A,$9.99,
Striganov Vodka Crush Watermelon 4pk,https://www.aldi.com.au/fileadmin/_processed_/0/8/csm_ALN2364_AWARDS_SPIRITS_1x1_228x128_11_ffeb0e74f6.jpg,N/A,$9.99,
Monsigny Champagne Brut NV 750ml,https://www.aldi.com.au/fileadmin/_processed_/3/d/csm_ALN2364_AWARDS_CHAMPAGNE_SPARKLING_1x1_228x128__928a42594a.jpg,N/A,$22.99,
Veuve Olivier French Sparkling Wine NV 750ml,https://www.aldi.com.au/fileadmin/_processed_/8/8/csm_ALN2670_Q1_WEB_AUDIT__CHAMPAGNE_SPARKLING__1x1_228x128__cc94bfc416.jpg,N/A,$7.49,
South Point Estate Sparkling Chardonnay Pinot Noir NV 750ml,https://www.aldi.com.au/fileadmin/_processed_/2/9/csm_ALN3077_AWARD_SPARKLING-CHAMPAGNE_1x1_228x128__6fc1c8e364.jpg,N/A,$4.99,
Corte Carista Prosecco DOC NV 750ml,https://www.aldi.com.au/fileadmin/_processed_/a/9/csm_ALN2364_AWARDS_CHAMPAGNE_SPARKLING_1x1_228x128_4_4b683a81a2.jpg,N/A,$9.99,
Yellowglen Chardonnay Pinot Noir Prosecco Rosé 750ml,https://www.aldi.com.au/fileadmin/_processed_/6/1/csm_ALN3077_SPARKLING-CHAMPAGNE_1x1_228x128__98a8aa8761.jpg,N/A,$7.99,
Yellowglen Chardonnay Pinot Noir & Prosecco 750ml,https://www.aldi.com.au/fileadmin/_processed_/b/e/csm_ALN2230_Q1_CHAMPAGNE-SPARKLING_1x1_228x128__2ec4740364.jpg,N/A,$7.99,
Claire Creek Sparkling Moscato NV 750ml,https://www.aldi.com.au/fileadmin/_processed_/8/9/csm_ALN2230_Q1_CHAMPAGNE-SPARKLING_1x1_228x128_3_37d3592e25.jpg,N/A,$3.99,
Claire Creek Sparkling Moscato Rosa NV 750ml,https://www.aldi.com.au/fileadmin/_processed_/6/7/csm_ALN2619_Q4_WEB_AUDIT_CHAMPAGNE_SPARKLING_1x1_228x128_2_887704e120.jpg,N/A,$3.99,
Vallée Des Secrets Sparkling Cuvée NV 750ml,https://www.aldi.com.au/fileadmin/_processed_/5/a/csm_ALN2364_AWARDS_CHAMPAGNE_SPARKLING_1x1_228x128_8_8231f04af7.jpg,N/A,$12.99,
De'Chill Frizzante Bianco NV 750ml,https://www.aldi.com.au/fileadmin/_processed_/2/4/csm_ALN3510_Q3_LIQUOR_1x1_228x128__d06eec3d62.jpg,N/A,$12.99,
Corte Carista Prosecco Rose DOC NV 750ml,https://www.aldi.com.au/fileadmin/_processed_/c/8/csm_ALN3510_Q3_LIQUOR_1x1_228x128_2_ef44008fa5.jpg,N/A,$9.99,
Humo Blanco Chilean Organic Cabernet Sauvignon 750ml,https://www.aldi.com.au/fileadmin/_processed_/4/c/csm_ALN3510_Q3_LIQUOR_1x1_228x128_5_94c306f7f2.jpg,N/A,$11.99,
The Pond Merlot 750ml,https://www.aldi.com.au/fileadmin/_processed_/5/8/csm_ALN3510_Q3_LIQUOR_1x1_228x128_6_31830160ed.jpg,N/A,$6.99,
Blackstone Paddock Barossa Valley Shiraz 750ml,https://www.aldi.com.au/fileadmin/_processed_/7/6/csm_ALN3248_Q1_WEB-AUDIT__WINE__1x1_228x128_8_ec0766fbbb.jpg,N/A,$17.99,
Blackstone Paddock “The Player” Barossa Valley Shiraz 750ml,https://www.aldi.com.au/fileadmin/_processed_/8/0/csm_ALN3510_Q3_LIQUOR_1x1_228x128_3_234a82c8ee.jpg,N/A,$12.99,
The Tudor Central Victorian Shiraz 750ml,https://www.aldi.com.au/fileadmin/_processed_/5/9/csm_ALN2670_Q1_WEB_AUDIT__WINE__1x1_228x128_4_5832f4406b.jpg,N/A,$12.99,
A.C. Byrne & Co McLaren Vale Shiraz 750ml,https://www.aldi.com.au/fileadmin/_processed_/7/f/csm_ALN2670_Q1_WEB_AUDIT__WINE__1x1_228x128__9b22f47723.jpg,N/A,$9.99,
One Road South Australia & Heathcote Shiraz 750ml,https://www.aldi.com.au/fileadmin/_processed_/b/e/csm_ALN2364_AWARDS_WINE_1x1_228x128__9594f24e9c.jpg,N/A,$7.49,
Taylors Special Release Clare Valley Shiraz 750ml,https://www.aldi.com.au/fileadmin/_processed_/c/a/csm_ALN2619_Q4_WEB_AUDIT_WINE_1x1_228x128_4_b29f70e18b.jpg,N/A,$14.99,
Small Talk Shiraz 1L,https://www.aldi.com.au/fileadmin/_processed_/4/8/csm_ALN2230_Q1_WINE_1x1_228x128_23_8e2533e7ac.jpg,N/A,$5.99,
Precious Earth Shiraz  750ml,https://www.aldi.com.au/fileadmin/_processed_/8/8/csm_ALN2230_Q1_WINE_1x1_228x128_4_9e01fa9953.jpg,N/A,$2.99,
Blackstone Paddock Margaret River Cabernet Sauvignon 750ml,https://www.aldi.com.au/fileadmin/_processed_/5/c/csm_ALN3248_Q1_WEB-AUDIT__WINE__1x1_228x128_7_2abd1358ac.jpg,N/A,$17.99,
Vinology McLaren Vale Organic Cabernet Sauvignon 750ml,https://www.aldi.com.au/fileadmin/_processed_/2/4/csm_ALN3077_AWARD_WINE_1x1_228x128_3_3be3a71768.jpg,N/A,$11.99,
The Pond Cabernet Sauvignon 750ml,https://www.aldi.com.au/fileadmin/_processed_/f/b/csm_ALN2619_Q4_WEB_AUDIT_WINE_1x1_228x128__e0dc68a7e7.jpg,N/A,$6.99,
The Venturer Series Durif 750ml,https://www.aldi.com.au/fileadmin/_processed_/5/4/csm_ALN3077_AWARD_WINE_1x1_228x128_2_54d069ebcc.jpg,N/A,$8.99,
"Coraggioso Nero D’Avola Sicily, Italy 750ml",https://www.aldi.com.au/fileadmin/_processed_/9/7/csm_ALN3299_APRIL_SSV_1x1_228x128_15_4d777c27de.jpg,N/A,$4.99,
Luis Felipe Edwards Classic Carménère 750ml,https://www.aldi.com.au/fileadmin/_processed_/2/0/csm_ALN2230_Q1_WINE_1x1_228x128_19_48d9129b27.jpg,N/A,c,see price in store*
Piedra Negra Argentinian Malbec 750ml,https://www.aldi.com.au/fileadmin/_processed_/1/a/csm_ALN2230_Q1_WINE_1x1_228x128_20_2fd1363801.jpg,N/A,$10.99,
El Toro Macho Reserva 750ml,https://www.aldi.com.au/fileadmin/_processed_/f/7/csm_ALN2670_Q1_WEB_AUDIT__WINE__1x1_228x128_11_962ab84241.jpg,N/A,$8.99,
Château Les Maurins Bordeaux Merlot & Cabernet Sauvignon 750ml,https://www.aldi.com.au/fileadmin/_processed_/a/2/csm_ALN2230_Q1_WINE_1x1_228x128_6_9612441fa5.jpg,N/A,$9.99,
The Tudor Yarra Valley Pinot Noir 750ml,https://www.aldi.com.au/fileadmin/_processed_/9/2/csm_ALN3248_Q1_WEB-AUDIT__WINE__1x1_228x128_6_d5114a5661.jpg,N/A,$12.99,
Kaiora Bay Reserve Central Otago Pinot Noir 750ml,https://www.aldi.com.au/fileadmin/_processed_/4/3/csm_ALN2364_AWARDS_WINE_1x1_228x128_24_4267b5f4f7.jpg,N/A,$14.99,
One Road Goulburn Valley & King Valley Cabernet Merlot 750ml,https://www.aldi.com.au/fileadmin/_processed_/b/0/csm_ALN2364_AWARDS_WINE_1x1_228x128_2_ecf87a2660.jpg,N/A,$7.49,
Corte Carista Chianti Superiore DOC 750ml,https://www.aldi.com.au/fileadmin/_processed_/7/b/csm_ALN2670_Q1_WEB_AUDIT__WINE__1x1_228x128_10_f2556de9a7.jpg,N/A,$10.99,
Little Birdwood Cabernet Shiraz Merlot 750ml,https://www.aldi.com.au/fileadmin/_processed_/3/c/csm_ALN2230_Q1_WINE_1x1_228x128_5_a32a20f19e.jpg,N/A,$4.99,
A.C. Byrne & Co Margaret River Cabernet Merlot 750ml,https://www.aldi.com.au/fileadmin/_processed_/4/f/csm_ALN2670_Q1_WEB_AUDIT__WINE__1x1_228x128_3_ad21456ccb.jpg,N/A,$9.99,
El Toro Macho Tempranillo Bobal 750ml,https://www.aldi.com.au/fileadmin/_processed_/e/e/csm_ALN2364_AWARDS_WINE_1x1_228x128_20_6d38c1a89c.jpg,N/A,$4.99,
Pájaro de Buen Agüero Old Vines Garnacha 750ml,https://www.aldi.com.au/fileadmin/_processed_/b/5/csm_ALN2853_WINE_1x1_228x128_2_3b8e86343f.jpg,750ml,$9.99,
Little Birdwood Sweet Red 750ml,https://www.aldi.com.au/fileadmin/_processed_/e/2/csm_ALN2230_Q1_WINE_1x1_228x128_18_32872f20da.jpg,N/A,$4.99,
François Lurton La Mule Provence Rosé 750ml,https://www.aldi.com.au/fileadmin/_processed_/f/3/csm_ALN2619_Q4_WEB_AUDIT_WINE_1x1_228x128_7_313f3182cf.jpg,N/A,$10.99,
South Point Estate Rosé 750ml,https://www.aldi.com.au/fileadmin/_processed_/4/5/csm_ALN2364_AWARDS_WINE_1x1_228x128_17_5267f5758e.jpg,N/A,$4.99,
Loire Valley Cabernet Franc Rosé 2018 750ml,https://www.aldi.com.au/fileadmin/_processed_/3/b/csm_ALN3077_WINE_1x1_228x128_2_0a678b7cc6.jpg,N/A,$7.49,
South Point Estate Pink Moscato 750ml,https://www.aldi.com.au/fileadmin/_processed_/8/e/csm_ALN3077_AWARD_WINE_1x1_228x128__de0d89282e.jpg,N/A,$4.99,
Sandara Sparkling Sangria 750ml,https://www.aldi.com.au/fileadmin/_processed_/f/5/csm_ALN2230_Q1_WINE_1x1_228x128_21_a10a6f0fd8.jpg,N/A,$7.49,
Keeper’s Glove Tawny NV 750ml,https://www.aldi.com.au/fileadmin/_processed_/4/d/csm_ALN3510_Q3_LIQUOR_1x1_228x128_4_b71310f765.jpg,N/A,$4.99,
Albertson's Reserve Soft Dry Red Cask 4L,https://www.aldi.com.au/fileadmin/_processed_/2/f/csm_ALN2670_Q1_WEB_AUDIT__WINE__1x1_228x128_12_2534d8a6ca.jpg,N/A,$9.99,
Brooke James Vintners Shiraz Cask 2L,https://www.aldi.com.au/fileadmin/_processed_/b/7/csm_ALC7440_1x1_228x128_3_9346512dbd.jpg,N/A,$8.69,
Brooke James Vitners Premium Cabernet Merlot Cask 2L,https://www.aldi.com.au/fileadmin/_processed_/1/0/csm_ALN2230_Q1_WINE_1x1_228x128_13_c6ecacf9ed.jpg,N/A,$8.69,
A.C. Byrne & Co Margaret River Chardonnay 750ml,https://www.aldi.com.au/fileadmin/_processed_/b/f/csm_ALN2670_Q1_WEB_AUDIT__WINE__1x1_228x128_5_48e5246a77.jpg,N/A,$9.99,
Precious Earth Chardonnay 750ml,https://www.aldi.com.au/fileadmin/_processed_/6/8/csm_ALN2364_AWARDS_WINE_1x1_228x128_32_86d2b3f3ed.jpg,N/A,$2.99,
One Road Chardonnay 750ml,https://www.aldi.com.au/fileadmin/_processed_/8/8/csm_ALN0550_1x1_Q1-UPDATE_228x128_37282565f9.jpg,N/A,$7.49,
Grands Les Maurins Bordeaux Sauvignon Blanc 750ml,https://www.aldi.com.au/fileadmin/_processed_/5/9/csm_ALN3511_WINE_AWARDS_1x1_228x128_d555d4044d.jpg,N/A,$6.99,
South Point Estate Sauvignon Blanc 750ml,https://www.aldi.com.au/fileadmin/_processed_/2/7/csm_ALN2619_Q4_WEB_AUDIT_WINE_1x1_228x128_8_4cb3e97615.jpg,N/A,$4.99,
Kaiora Bay Marlborough Sauvignon Blanc 750ml,https://www.aldi.com.au/fileadmin/_processed_/e/2/csm_ALN3248_Q1_WEB-AUDIT__WINE__1x1_228x128_1_8d18df4d92.jpg,N/A,$8.69,
Loire Valley Sauvignon Blanc 2018 750ml,https://www.aldi.com.au/fileadmin/_processed_/9/e/csm_ALN2364_AWARDS_WINE_1x1_228x128_34_R_389343e025.jpg,N/A,$7.49,
Neve Hawkes Bay/Marlborough Sauvignon Blanc 750ml,https://www.aldi.com.au/fileadmin/_processed_/d/4/csm_ALN2670_Q1_WEB_AUDIT__WINE__1x1_228x128_6_4b552e9f95.jpg,N/A,$6.49,
Kaiora Bay Reserve Marlborough Sauvignon Blanc 750ml,https://www.aldi.com.au/fileadmin/_processed_/6/b/csm_ALN3248_Q1_WEB-AUDIT__WINE__1x1_228x128_2_dc47076e8e.jpg,N/A,$12.99,
A.C. Byrne & Co Margaret River Sauvignon Blanc Semillon 750ml,https://www.aldi.com.au/fileadmin/_processed_/b/0/csm_ALN2670_Q1_WEB_AUDIT__WINE__1x1_228x128_8_10149e5fcc.jpg,N/A,$7.99,
Little Birdwood Semillon Sauvignon Blanc 750ml,https://www.aldi.com.au/fileadmin/_processed_/0/8/csm_ALN3077_NON-AWARD_WINE_1x1_228x128_3_dfd0e8482e.jpg,N/A,$4.99,
Precious Earth Semillon Sauvignon Blanc 750ml,https://www.aldi.com.au/fileadmin/_processed_/5/7/csm_ALN2230_Q1_WINE_1x1_228x128_8_e4225409dc.jpg,N/A,$2.99,
"Freya & Jules Watervale, Clare Valley Riesling 750ml",https://www.aldi.com.au/fileadmin/_processed_/9/7/csm_ALN2364_AWARDS_WINE_1x1_228x128_37_fec9d86a8c.jpg,N/A,$8.99,
Villa Elsa Pinot Grigio DOC Delle Venezie 750ml,https://www.aldi.com.au/fileadmin/_processed_/a/b/csm_ALN3248_Q1_WEB-AUDIT__WINE__1x1_228x128_5_e0be4c4f54.jpg,750ml,$6.99,
The Pond Pinot Grigio 750ml,https://www.aldi.com.au/fileadmin/_processed_/0/f/csm_ALN2670_Q1_WEB_AUDIT__WINE__1x1_228x128_9_cf810d5ca5.jpg,N/A,$6.99,
South Point Estate Pinot Grigio 750ml,https://www.aldi.com.au/fileadmin/_processed_/3/5/csm_ALN3248_Q1_WEB-AUDIT__WINE__1x1_228x128_4_a0fe8c1bb7.jpg,N/A,$4.99,
South Point Estate Moscato 750ml,https://www.aldi.com.au/fileadmin/_processed_/6/c/csm_ALN3248_Q1_WEB-AUDIT__WINE__1x1_228x128_3_a5452bccd0.jpg,N/A,$4.99,
Brooke James Vintners Semillon Sauvignon Blanc Cask 2L,https://www.aldi.com.au/fileadmin/_processed_/e/1/csm_ALC7440_1x1_228x128_2_85bc331aa6.jpg,N/A,$8.69,
Albertson's Reserve Soft Fruity White Cask 4L,https://www.aldi.com.au/fileadmin/_processed_/a/e/csm_ALN2670_Q1_WEB_AUDIT__WINE__1x1_228x128_13_332929e944.jpg,N/A,$9.99,
Albertson's Reserve Crisp Dry White Cask 4L,https://www.aldi.com.au/fileadmin/_processed_/6/e/csm_ALN2670_Q1_WEB_AUDIT__WINE__1x1_228x128_14_79f295cfa4.jpg,N/A,$9.99,
Storm Brewing Co. Premium Light Lager 6 x 330mL,https://www.aldi.com.au/fileadmin/_processed_/6/9/csm_ALN2364_AWARDS_BEER_1x1_228x128_9_36178c103b.jpg,N/A,$7.99,
Storm Brewing Co. Super Dry Beer 6 x 330ml,https://www.aldi.com.au/fileadmin/_processed_/4/0/csm_ALN2364_AWARDS_BEER_1x1_228x128_10_37ada1dcdd.jpg,6pk,$8.99,
Fraser Briggs Premium Lager 6 x 330ml,https://www.aldi.com.au/fileadmin/_processed_/2/3/csm_ALN2364_AWARDS_BEER_1x1_228x128_11_6f44120903.jpg,N/A,$8.99,
Cape Cyan Natural Blonde Beer 6 x 330ml,https://www.aldi.com.au/fileadmin/_processed_/2/d/csm_ALN2364_AWARDS_BEER_1x1_228x128_12_2403b16355.jpg,N/A,$7.99,
Sainte Etienne Premium Lager 6 x 330ml,https://www.aldi.com.au/fileadmin/_processed_/e/7/csm_ALN2364_AWARDS_BEER_1x1_228x128_13_ceafcb40c3.jpg,N/A,$8.99,
Rivet Gold 12pk,https://www.aldi.com.au/fileadmin/_processed_/2/0/csm_ALN2364_AWARDS_BEER_1x1_228x128_2_884fd8c00f.jpg,see price in store*,c,
North of Nowhere Pale Ale 12 x 330ml,https://www.aldi.com.au/fileadmin/_processed_/a/a/csm_ALN2364_AWARDS_BEER_1x1_228x128_7_fabc1c9f7f.jpg,see price in store*,c,
Storm Brewing Co. Premium Light Lager 24 x 330ml,https://www.aldi.com.au/fileadmin/_processed_/d/d/csm_ALN2364_AWARDS_BEER_1x1_228x128_6_cedc9c5ea8.jpg,see price in store*,c,
Carlton Dry 12 x 330ml,https://www.aldi.com.au/fileadmin/_processed_/1/c/csm_ALN2362_Calton_Dry_12x330mL_1x1_228x128_a41aa34356.jpg,N/A,$24.99,
Coopers Original Pale Ale 12 x 375ml,https://www.aldi.com.au/fileadmin/_processed_/c/c/csm_ALN1075_BEER_CIDER_UPDATES_1x1_228x128__416147f988.jpg,see price in store*,c,
Corona Lager 12 x 355mL,https://www.aldi.com.au/fileadmin/_processed_/d/8/csm_ALN1075_BEER_CIDER_UPDATES_1x1_228x128_3_f040630b0f.jpg,see price in store*,c,
Rivet Lager 24 x 330ml,https://www.aldi.com.au/fileadmin/_processed_/0/c/csm_ALN2364_AWARDS_BEER_1x1_228x128_14_129e6e3840.jpg,see price in store*,c,
Sainte Etienne Premium Lager 24 x 330ml,https://www.aldi.com.au/fileadmin/_processed_/a/f/csm_ALN2364_AWARDS_BEER_1x1_228x128_8_adf8052fae.jpg,see price in store*,c,
Fraser Briggs Premium Lager 24 x 330ml,https://www.aldi.com.au/fileadmin/_processed_/8/0/csm_ALN2364_AWARDS_BEER_1x1_228x128_4_17f3ceac09.jpg,see price in store*,c,
Cape Cyan Natural Blonde Beer 24 x 330ml,https://www.aldi.com.au/fileadmin/_processed_/3/d/csm_ALN2364_AWARDS_BEER_1x1_228x128_5_01f44534ae.jpg,see price in store*,c,
Storm Brewing Co. Premium Super Dry Beer 24 x 330ml,https://www.aldi.com.au/fileadmin/_processed_/8/4/csm_ALN2364_AWARDS_BEER_1x1_228x128_3_9db37b2406.jpg,N/A,$34.99,
Renberg Apple Cider 500ml,https://www.aldi.com.au/fileadmin/_processed_/a/f/csm_ALC7718_LIQUOR_1x1_228x128_8_01_de40797e89.jpg,N/A,$2.99,
Storm Cider Co. Apple Cider 10 x 375ml,https://www.aldi.com.au/fileadmin/_processed_/c/d/csm_ALN2957_CIDER_UPDATE_1x1_228x128_c3563e55c1.jpg,N/A,$16.99,
Devil’s Orchard Apple Cider 6 x 330ml,https://www.aldi.com.au/fileadmin/_processed_/f/b/csm_ALN2230_Q1_BEER-CIDER_1x1_228x128_3_723fb2b531.jpg,N/A,$9.99,
Devil's Orchard Pear Cider 6 x 330ml,https://www.aldi.com.au/fileadmin/_processed_/3/8/csm_ALN2230_Q1_BEER-CIDER_1x1_228x128_4_0beae926c1.jpg,N/A,$9.99,
Somersby Apple Cider 10 x 330ml,https://www.aldi.com.au/fileadmin/_processed_/0/3/csm_ALN2230_Q1_BEER-CIDER_1x1_228x128_2_031423051d.jpg,see price in store*,c,
Renberg Swedish Pear Cider 500mL,https://www.aldi.com.au/fileadmin/_processed_/2/f/csm_ALN2230_Q1_BEER-CIDER_1x1_228x128__47599e02cb.jpg,N/A,$2.99,
Leo Imported Lager 12 x 330ml,https://www.aldi.com.au/fileadmin/_processed_/d/7/csm_ALN2364_AWARDS_BEER_1x1_228x128__b4e89e74c3.jpg,N/A,$18.99,
James Squire 150 Lashes Pale Ale 12 x 345ml,https://www.aldi.com.au/fileadmin/_processed_/1/7/csm_ALN3510_Q3_LIQUOR_1x1_228x128_7_ef37ac50de.jpg,N/A,c,see price in store*
LACURA,https://www.aldi.com.au/fileadmin/_processed_/a/2/csm_ALN2364_THEME_HEADINGS_298x298_4_f71c80d751.jpg,N/A,$4.99,$9.98 per 100ml
Essentials BB Cream SPF 15 50ml,https://www.aldi.com.au/fileadmin/_processed_/7/d/csm_ALN1075_SKIN_CARE_UPDATE_1x1_228x128_6_2dac99110b.jpg,N/A,$3.79,$2.53 per 100ml
LACURA,https://www.aldi.com.au/fileadmin/_processed_/7/d/csm_ALP0614_WEB_AUDIT_2Q_LACURA_1x1_128x228__7337596be1.jpg,N/A,$3.79,$2.53 per 100ml
Essentials Purify Exfoliating Wash 150ml,https://www.aldi.com.au/fileadmin/_processed_/e/9/csm_ALP0614_WEB_AUDIT_2Q_LACURA_1x1_128x228_2_238ffd9714.jpg,N/A,$3.79,$2.53 per 100ml
LACURA,https://www.aldi.com.au/fileadmin/_processed_/1/6/csm_ALP0614_WEB_AUDIT_2Q_LACURA_1x1_128x228_3_41952414db.jpg,30pk,$1.69,6c per wipe
Essentials Caring Cleansing Gel 150ml,https://www.aldi.com.au/fileadmin/_processed_/8/5/csm_ALC7782_THE_BLOCK_1x1_228x128_46_14b472b3c8.jpg,N/A,$1.69,6c per wipe
LACURA,https://www.aldi.com.au/fileadmin/_processed_/d/8/csm_ALC7782_THE_BLOCK_1x1_228x128_47_c420f81809.jpg,N/A,$1.39,$1.74 per 100 rounds
Essentials Fine Balance Foaming Cleansing Gel 150ml,https://www.aldi.com.au/fileadmin/_processed_/7/7/csm_ALN1075_SKIN_CARE_UPDATE_1x1_228x128_9_1dbf20698f.jpg,N/A,$3.99,50c per unit
LACURA,https://www.aldi.com.au/fileadmin/_processed_/8/4/csm_ALN2364_THEME_HEADINGS_298x298_5_dd192a327d.jpg,N/A,$10.99,$73.27 per 100ml
Skin Science Renew Expert Double Effect Eye Gel 15ml,https://www.aldi.com.au/fileadmin/_processed_/b/f/csm_ALN3510_Q3_BEAUTY_1x1_228x128_8_e268545a92.jpg,N/A,$10.99,$73.27 per 100ml
LACURA,https://www.aldi.com.au/fileadmin/_processed_/7/9/csm_ALN2147_Q4_SKIN-CARE_1x1_228x128_10_7ffbef2e32.jpg,N/A,$7.99,$15.98 per 100ml
Skin Science Renew Expert Wrinkle Smoother 15ml,https://www.aldi.com.au/fileadmin/_processed_/5/1/csm_ALN3510_Q3_BEAUTY_1x1_228x128_13_418604b98b.jpg,N/A,$7.99,$15.98 per 100ml
LACURA,https://www.aldi.com.au/fileadmin/_processed_/8/d/csm_ALN3510_Q3_BEAUTY_1x1_228x128_14_67b77323e1.jpg,N/A,$7.99,$15.98 per 100ml
Skin Science Renew Day Cream SPF 15 50ml,https://www.aldi.com.au/fileadmin/_processed_/e/d/csm_ALN3510_Q3_BEAUTY_1x1_228x128_12_3e4b1c9e23.jpg,N/A,$1.69,6c per wipe
LACURA,https://www.aldi.com.au/fileadmin/_processed_/f/8/csm_ALC7782_THE_BLOCK_1x1_228x128_49_b2fd8e8bc4.jpg,N/A,$10.99,$21.98 per 100ml
Skin Science Renew Night Cream 50ml,https://www.aldi.com.au/fileadmin/_processed_/d/4/csm_ALN3510_Q3_BEAUTY_1x1_228x128_6_c0b4f96dd3.jpg,N/A,$10.99,$21.98 per 100ml
LACURA,https://www.aldi.com.au/fileadmin/_processed_/8/c/csm_ALN3510_Q3_BEAUTY_1x1_228x128_7_3134655ad4.jpg,N/A,$10.99,$21.98 per 100ml
LACURA® Revive Intensive Serum Night Elixir 30ml,https://www.aldi.com.au/fileadmin/_processed_/2/d/csm_ALN2364_THEME_HEADINGS_298x298_6_bb47ef5e05.jpg,N/A,$10.99,$36.63 per 100ml
LACURA® Revive Intensive Serum Hyaluronic Gel 30ml,https://www.aldi.com.au/fileadmin/_processed_/2/7/csm_ALN3510_Q3_BEAUTY_1x1_228x128_9_0c955c884e.jpg,N/A,$10.99,$36.63 per 100ml
LACURA® Revive Intensive Serum Moisture Boost 15ml,https://www.aldi.com.au/fileadmin/_processed_/2/9/csm_ALN3510_Q3_BEAUTY_1x1_228x128_10_d0c5e42584.jpg,N/A,$10.99,$73.27 per 100ml
LACURA,https://www.aldi.com.au/fileadmin/_processed_/d/c/csm_ALN2364_THEME_HEADINGS_298x298_7_3a8cab2cd9.jpg,N/A,$10.99,$21.98 per 100ml
Skin Science Revitalise Expert Neck & Décolleté Serum 50ml,https://www.aldi.com.au/fileadmin/_processed_/d/4/csm_ALN3510_Q3_BEAUTY_1x1_228x128_4_7ecab52a65.jpg,N/A,$10.99,$21.98 per 100ml
LACURA,https://www.aldi.com.au/fileadmin/_processed_/f/5/csm_ALN3510_Q3_BEAUTY_1x1_228x128_5_52e0ba549e.jpg,N/A,$1.69,6c per wipe
Skin Science Revitalise Expert Eye Cream 15ml,https://www.aldi.com.au/fileadmin/_processed_/6/d/csm_ALC7782_THE_BLOCK_1x1_228x128_48_bd33cd66a1.jpg,N/A,$7.99,$15.98 per 100ml
LACURA,https://www.aldi.com.au/fileadmin/_processed_/f/3/csm_ALN3510_Q3_BEAUTY_1x1_228x128__686939478a.jpg,N/A,$7.99,$15.98 per 100ml
Essentials Revitalise Cleansing Wipes 30pk,https://www.aldi.com.au/fileadmin/_processed_/7/3/csm_ALN3510_Q3_BEAUTY_1x1_228x128_2_46011aced0.jpg,N/A,$7.99,$15.98 per 100ml
LACURA® Revitalise Face Cream for Mature Skin Cream Day 50ml,https://www.aldi.com.au/fileadmin/_processed_/e/d/csm_ALN3510_Q3_BEAUTY_1x1_228x128_15_f0cf826099.jpg,N/A,$10.99,$21.98 per 100ml
LACURA® Revitalise Face Cream for Mature Skin Cream Night 50ml,https://www.aldi.com.au/fileadmin/_processed_/c/d/csm_ALN3510_Q3_BEAUTY_1x1_228x128_3_a5c6dc920b.jpg,N/A,$10.99,$21.98 per 100ml
LACURA,https://www.aldi.com.au/fileadmin/_processed_/c/e/csm_ALN3510_Q3_BEAUTY_1x1_228x128_4_5059aee3dd.jpg,N/A,$10.99,$73.27 per 100ml
LACURA,https://www.aldi.com.au/fileadmin/_processed_/1/9/csm_ALN2364_THEME_HEADINGS_298x298_8_cd63438034.jpg,N/A,$5.99,$3.99 per 100ml
Naturals Revitalising Facial Foaming Cleanser 150ml,https://www.aldi.com.au/fileadmin/_processed_/e/8/csm_ALN1075_SKIN_CARE_UPDATE_1x1_228x128_25_76e9bdcba0.jpg,N/A,$5.99,$3.99 per 100ml
,https://www.aldi.com.au/fileadmin/_processed_/1/b/csm_ALN1075_SKIN_CARE_UPDATE_1x1_228x128_26_20d4d20ddc.jpg,N/A,$5.99,$3.99 per 100ml
LACURA,https://www.aldi.com.au/fileadmin/_processed_/7/6/csm_ALN1075_SKIN_CARE_UPDATE_1x1_228x128_27_6a0455746a.jpg,N/A,$7.99,$15.98 per 100ml
Naturals Pore Cleansing Clarifying Facial Scrub 150ml,https://www.aldi.com.au/fileadmin/_processed_/9/5/csm_ALN1075_SKIN_CARE_UPDATE_1x1_228x128_24_785043bbbe.jpg,N/A,$7.99,$15.98 per 100ml
,https://www.aldi.com.au/fileadmin/_processed_/6/4/csm_ALN1075_SKIN_CARE_UPDATE_1x1_228x128_23_5dcf16da94.jpg,N/A,$7.99,$26.63 per 100ml
LACURA,https://www.aldi.com.au/fileadmin/_processed_/4/b/csm_ALN1075_SKIN_CARE_UPDATE_1x1_228x128_21_d392e88049.jpg,N/A,$7.99,$53.27 per 100ml
LACURA,https://www.aldi.com.au/fileadmin/_processed_/b/f/csm_ALN2364_THEME_HEADINGS_298x298_9_d99ecfa916.jpg,ea,$6.99,
Beauty Long Lasting Duo Lipstick,https://www.aldi.com.au/fileadmin/_processed_/d/b/csm_ALN1075_SKIN_CARE_UPDATE_1x1_228x128_18_4e99e30afa.jpg,N/A,$4.99,$1.00 per 10ml
LACURA,https://www.aldi.com.au/fileadmin/_processed_/6/4/csm_ALP0614_WEB_AUDIT_2Q_LACURA_1x1_128x228_7_db9bfbdea3.jpg,N/A,$4.99,$1.00 per 10ml
Beauty Foundation with Sunscreen,https://www.aldi.com.au/fileadmin/_processed_/3/e/csm_ALP0614_WEB_AUDIT_2Q_LACURA_1x1_128x228_6_c0b1a8d162.jpg,ea $,$6.99,$5.87-$6.03 per 10ml
LACURA,https://www.aldi.com.au/fileadmin/_processed_/5/1/csm_ALP0614_WEB_AUDIT_2Q_LACURA_1x1_128x228_4_1e124933e1.jpg,0.3g,$4.99,$166.33 per 10g
Dentitex Advanced Whitening Toothpaste,https://www.aldi.com.au/fileadmin/_processed_/9/3/csm_ALN2364-7_HEALTH_1x1_228x128__d9c1a69508.jpg,140g,$1.99,$1.42 per 100g
Dentitex Sensitive Plus Whitening Toothpaste,https://www.aldi.com.au/fileadmin/_processed_/6/2/csm_ALN2364-7_HEALTH_1x1_228x128_5_684b45adc5.jpg,N/A,$4.49,$4.08 per 100g
Dentitex Interdental Pro Toothbrush 2pk,https://www.aldi.com.au/fileadmin/_processed_/b/6/csm_ALN2853_HEALTH_1x1_228x128_4_5cb4d06f7a.jpg,2pk,$1.89,95c per unit
Dentitex Orbit Toothbrush 2pk,https://www.aldi.com.au/fileadmin/_processed_/3/a/csm_ALN2364-7_HEALTH_1x1_228x128_3_e4b1c3337d.jpg,2pk,$3.29,$1.65 per unit
Dentitex Mouthwash 1L Ultra Fresh or Tartar Control 1L,https://www.aldi.com.au/fileadmin/_processed_/d/b/csm_ALN3498_AUG_SSV_DIGITAL_1x1_228x128_31_545b9de1d2.jpg,1L,$4.19,42c per 100ml
Dentitex Mouthwash 500ml,https://www.aldi.com.au/fileadmin/_processed_/7/1/csm_ALN3510_Q3_HEALTH_1x1_228x128_2_ccb4337aa7.jpg,500ml,$3.49,70c per ml
Essential Health Paw Paw Ointment,https://www.aldi.com.au/fileadmin/_processed_/9/0/csm_ALN2364-7_HEALTH_1x1_228x128_6_678cce7213.jpg,ea,$2.39,$9.56 per 100g
Essential Health Eucalyptus Oil 100ml,https://www.aldi.com.au/fileadmin/_processed_/f/b/csm_ALN3510_Q3_HEALTH_1x1_228x128_3_7dad452a16.jpg,100ml,$6.99,$6.99 per 100ml
Hedafen Ibuprofen 24pk,https://www.aldi.com.au/fileadmin/_processed_/e/e/csm_ALN2364-7_HEALTH_1x1_228x128_7_5e19cb1d8b.jpg,24pk,$1.49,6c per tablet
Hedafen Ibuprofen Liquid Gel Capsules 20pk,https://www.aldi.com.au/fileadmin/_processed_/0/8/csm_ALN3612_1x1_SSV-OCT-B2_228x128_30_bc76a15943.jpg,20pk,$2.39,12c per capsule
Hedanol Paracetamol Capsule Shaped Tablets 20pk,https://www.aldi.com.au/fileadmin/_processed_/a/5/csm_ALN2364-7_HEALTH_1x1_228x128_9_c613cd50e7.jpg,N/A,75c,4c per tablet
Essential Health Effervescents 15pk,https://www.aldi.com.au/fileadmin/_processed_/c/3/csm_ALN2364-7_HEALTH_1x1_228x128_10_586cc47052.jpg,ea,$4.49,30c per tablet
Essential Health Electrolytes 20pk,https://www.aldi.com.au/fileadmin/_processed_/9/3/csm_ALN2853_HEALTH_1x1_228x128__9c3f4c0792.jpg,20pk,$5.49,27c per tablet
Essential Health First Aid Strips Plastic 100pk or Fabric 50pk,https://www.aldi.com.au/fileadmin/_processed_/d/b/csm_ALN3498_AUG_SSV_DIGITAL_1x1_228x128_33_651ac07fad.jpg,ea,$1.99,2c-4c per strip
Essential Health Meal Replacement Shake 55g,https://www.aldi.com.au/fileadmin/_processed_/0/e/csm_ALN2364-7_HEALTH_1x1_228x128_12_2e957e4443.jpg,ea,$1.99,$3.62 per 100g
Essential Health Protein Bar 30g,https://www.aldi.com.au/fileadmin/_processed_/0/3/csm_ALN2364-7_HEALTH_1x1_228x128_13_8e8f2dd529.jpg,ea,$1.49,$4.97 per 100g
Onset Chocolate Protein Bars 51g-57g,https://www.aldi.com.au/fileadmin/_processed_/5/4/csm_ALN2853_HEALTH_1x1_228x128_3_2bdeaaea03.jpg,51g-57g,$2.99,$5.86-$5.25 per 100g
Essential Health Meal Replacement Bar 55g,https://www.aldi.com.au/fileadmin/_processed_/4/6/csm_ALN3571_SEP_SSV_DIGITAL__B1__1x1_228x128_17_1eb47281b1.jpg,ea,$2.49,$4.53 per 100g
Market Fare Corn Cobs 1kg,https://www.aldi.com.au/fileadmin/_processed_/9/4/csm_ALN2853_AWARDS_FROZEN_FOOD_1x1_228x128__e655e9c06c.jpg,N/A,c,see price in store*
Market Fare Corn Kernels 1kg,https://www.aldi.com.au/fileadmin/_processed_/a/2/csm_ALN2853_AWARDS_FROZEN_FOOD_1x1_228x128_2_b2bba5422e.jpg,N/A,$2.49,$2.49 per kg
Market Fare Garden Peas 1kg,https://www.aldi.com.au/fileadmin/_processed_/4/a/csm_ALN2853_AWARDS_FROZEN_FOOD_1x1_228x128_3_591795a34d.jpg,N/A,$1.99,$1.99 per kg
Market Fare Baby Peas 1kg,https://www.aldi.com.au/fileadmin/_processed_/1/5/csm_ALN3354_Q2-WEB-AUDIT_1x1_228x128_21_ac3d848ecf.jpg,1kg,$2.99,$2.99 per kg
"Market Fare Peas, Carrots & Corn 1kg",https://www.aldi.com.au/fileadmin/_processed_/a/b/csm_ALN2853_AWARDS_FROZEN_FOOD_1x1_228x128_4_32b4dc35ff.jpg,N/A,$2.79,$2.79 per kg
Market Fare Green Beans 1kg,https://www.aldi.com.au/fileadmin/_processed_/f/0/csm_ALN2853_AWARDS_FROZEN_FOOD_1x1_228x128_5_728efad4f0.jpg,N/A,$1.99,$1.99 per kg
Market Fare Broccoli 500g,https://www.aldi.com.au/fileadmin/_processed_/c/b/csm_ALN2853_AWARDS_FROZEN_FOOD_1x1_228x128_6_31d847d825.jpg,N/A,$2.29,$4.58 per kg
Market Fare Spinach 250g,https://www.aldi.com.au/fileadmin/_processed_/a/d/csm_ALN2853_AWARDS_FROZEN_FOOD_1x1_228x128_7_e00448fa4c.jpg,N/A,89c,$3.56 per kg
Market Fare Winter Vegetables 1kg,https://www.aldi.com.au/fileadmin/_processed_/1/8/csm_ALN3354_Q2-WEB-AUDIT_1x1_228x128_23_0421a1bc07.jpg,N/A,$2.79,$2.79 per kg
Market Fare Stir Fry Vegetables 850g,https://www.aldi.com.au/fileadmin/_processed_/d/3/csm_ALN2853_FROZEN_FOOD_1x1_228x128_2_b87e9b8cb1.jpg,850g,$3.49,$4.11 per kg
Market Fare Cauliflower or Broccoli Bake 800g,https://www.aldi.com.au/fileadmin/_processed_/b/6/csm_ALN2853_AWARDS_FROZEN_FOOD_1x1_228x128_8_b9622172af.jpg,ea,$4.99,$6.24 per kg
The Best Margherita Pizza Ever 365g,https://www.aldi.com.au/fileadmin/_processed_/f/5/csm_ALN2626_MARGHERITA_PIZZA_1x1_228x128_663241c472.jpg,N/A,$4.99,$1.37 per 100g
International Cuisine Supreme Family Pizza 500g,https://www.aldi.com.au/fileadmin/_processed_/6/f/csm_ALN3354_Q2-WEB-AUDIT_1x1_228x128_22_122e481418.jpg,N/A,$2.99,59c per 100g
International Cuisine Beef Lasagne 2kg,https://www.aldi.com.au/fileadmin/_processed_/5/1/csm_ALN3510_Q3_FREEZER_1x1_228x128__b8af1468ed.jpg,N/A,$8.49,43c per 100g
Orchard & Vine Blueberries 500g,https://www.aldi.com.au/fileadmin/_processed_/d/8/csm_ALN2364_FROZEN_FOOD_1x1_228x128_3_97631fd247.jpg,N/A,$4.49,$8.98 per kg
Kenny’s Frozen Dessert 475ml,https://www.aldi.com.au/fileadmin/_processed_/8/a/csm_ALN2853_FROZEN_FOOD_1x1_228x128_8_4f548ce5ec.jpg,475ml,$4.99,$1.05 per 100ml
Mamia Baby Fruit 4 Months+ 120g,https://www.aldi.com.au/fileadmin/_processed_/8/8/csm_ALN3354_Q2-WEB-AUDIT_1x1_228x128_5_296a0423c4.jpg,120g,89c,74c per 100g
Mamia Organic Fruit 4 months+ 120g,https://www.aldi.com.au/fileadmin/_processed_/c/5/csm_ALN3354_Q2-WEB-AUDIT_1x1_228x128_11_ec1e49265d.jpg,ea,$1.29,$1.08 per 100g
"Mamia Baby’s First Breakfast 4 Months+ 120g - Baby Rice, Pear and Apricot",https://www.aldi.com.au/fileadmin/_processed_/5/a/csm_ALN3354_Q2-WEB-AUDIT_1x1_228x128_6_0c3deaa133.jpg,N/A,89c,74c per 100g
Mamia Baby's First Breakfast 6m+ Creamy Baby Porridge,https://www.aldi.com.au/fileadmin/_processed_/7/2/csm_ALN3354_Q2-WEB-AUDIT_1x1_228x128_7_91a6e850a7.jpg,N/A,89c,74c per 100g
Mamia Baby's First Breakfast 6mth+ Apple & Oatmeal,https://www.aldi.com.au/fileadmin/_processed_/a/d/csm_ALN3354_Q2-WEB-AUDIT_1x1_228x128_8_1afa75f8fb.jpg,N/A,89c,74c per 100g
Mamia Baby Food Desserts 6 Months+ 120g,https://www.aldi.com.au/fileadmin/_processed_/3/c/csm_ALN3354_Q2-WEB-AUDIT_1x1_228x128_9_e4f596c76f.jpg,ea,89c,74c per 100g
Mamia Premium Baby Food 6+ Months 120g,https://www.aldi.com.au/fileadmin/_processed_/3/1/csm_ALN3354_Q2-WEB-AUDIT_1x1_228x128_10_042c9f53a1.jpg,ea,89c,74c per 100g
Mamia Baby Food 6 Months+ 120g,https://www.aldi.com.au/fileadmin/_processed_/d/2/csm_ALN3077_BABY-FOOD_1x1_228x128_6_f49ac9d357.jpg,ea,89c,74c per 100g
Mamia Fruit Snack Cereal Bars Apple 12+ months 8pk 128g,https://www.aldi.com.au/fileadmin/_processed_/3/9/csm_ALN3077_BABY-FOOD_1x1_228x128__22705daf2f.jpg,8pk,$2.99,$2.34 per 100g
"Mamia Fruit Snack Cereal Bars Apple, Blueberry & Banana 12+ months 8pk 128g",https://www.aldi.com.au/fileadmin/_processed_/0/f/csm_ALN3077_BABY-FOOD_1x1_228x128_2_e2c70a0032.jpg,8pk,$2.99,$2.34 per 100g
Mamia Fruit Snack Cereal Bars Apple & Raspberry 12+ months 8pk 128g,https://www.aldi.com.au/fileadmin/_processed_/b/2/csm_ALN3077_BABY-FOOD_1x1_228x128_3_a2af7a0934.jpg,8pk,$2.99,$2.34 per 100g
Mamia Fruit & Oat Bars 90g - Strawberry 12+ Months,https://www.aldi.com.au/fileadmin/_processed_/8/c/csm_ALN3354_Q2-WEB-AUDIT_1x1_228x128_39_bbc43caa6f.jpg,N/A,$2.69,2.99 per 100g
Mamia Fruit & Oat Bars 90g - Apple & Raisin with Yogurt 12+ Months,https://www.aldi.com.au/fileadmin/_processed_/d/f/csm_ALN3354_Q2-WEB-AUDIT_1x1_228x128_40_71d3a27ec6.jpg,N/A,$2.69,$2.99 per 100g
Mamia Fruit & Oat Bars 90g - Apricot 12+ Months,https://www.aldi.com.au/fileadmin/_processed_/3/6/csm_ALN3354_Q2-WEB-AUDIT_1x1_228x128_41_22afdb3bb6.jpg,N/A,$2.69,2.99 per 100g
Mamia Organic Apple Mini Rice Cakes 40g,https://www.aldi.com.au/fileadmin/_processed_/2/5/csm_ALN3077_BABY-FOOD_1x1_228x128_4_e5faa35b4b.jpg,N/A,$2.49,$6.23 per 100g
Mamia Organic Raspberry Mini Rice Cakes 40g,https://www.aldi.com.au/fileadmin/_processed_/8/6/csm_ALN3077_BABY-FOOD_1x1_228x128_5_df85b20479.jpg,N/A,$2.49,$6.23 per 100g
MAMIA® Unisex Newborn Nappies,https://www.aldi.com.au/fileadmin/_processed_/b/8/csm_ALN2364_THEME_HEADINGS_298x298__94f1ad6dad.jpg,N/A,$3.99,14c per nappy
MAMIA® Unisex Infant Nappies 4kg-8kg 56pk,https://www.aldi.com.au/fileadmin/_processed_/6/0/csm_ALN3510_Q3_BABY_1x1_228x128__6b1b1db745.jpg,56pk,$9.99,18c per nappy
MAMIA® Unisex Crawler Nappies 6kg-11kg 56pk,https://www.aldi.com.au/fileadmin/_processed_/4/a/csm_ALN3510_Q3_BABY_1x1_228x128_2_923f76a0f3.jpg,56pk,$9.99,18c per nappy
MAMIA® Unisex Toddler Nappies 10kg-15kg 50pk,https://www.aldi.com.au/fileadmin/_processed_/9/4/csm_ALN3510_Q3_BABY_1x1_228x128_3_8da34f35e7.jpg,50pk,$9.99,20c per nappy
MAMIA® Unisex Walker Nappies 13kg-18kg 44pk,https://www.aldi.com.au/fileadmin/_processed_/d/5/csm_ALN3510_Q3_BABY_1x1_228x128_4_428052bb2a.jpg,44pk,$9.99,23c per nappy
MAMIA® Unisex Junior Nappies 16kg-25kg 40pk,https://www.aldi.com.au/fileadmin/_processed_/6/1/csm_ALN3510_Q3_BABY_1x1_228x128_5_0f40b33a05.jpg,40pk,$9.99,25c per nappy
Mamia Baby Wipes 80pk Scented,https://www.aldi.com.au/fileadmin/_processed_/7/4/csm_ALN2364_THEME_HEADINGS_298x298_2_7f2d689f91.jpg,N/A,$1.89,$2.36 per 100 wipes
Mamia Baby Wipes 80pk Fragrance Free,https://www.aldi.com.au/fileadmin/_processed_/6/4/csm_ALN3248_Q1_WEB-AUDIT__BABY__1x1_228x128_1_d23450f8af.jpg,N/A,$1.89,$2.36 per 100 wipes
Mamia Baby Wipes 480pk Fragance free,https://www.aldi.com.au/fileadmin/_processed_/b/3/csm_ALN3248_Q1_WEB-AUDIT__BABY__1x1_228x128_2_c0056a4c8c.jpg,N/A,$9.49,$1.98 per 100 wipes
Mamia Baby Wipes Embossed Fragrance Free 80pk,https://www.aldi.com.au/fileadmin/_processed_/0/b/csm_ALN3248_Q1_WEB-AUDIT__BABY__1x1_228x128_5_485caf9727.jpg,N/A,$2.69,$3.36 per 100 wipes
Mamia Baby Wipes Embossed Scented 80pk,https://www.aldi.com.au/fileadmin/_processed_/b/b/csm_ALN3388_REDUCTIONS_1x1_228x128_B2_29_c4525691e4.jpg,N/A,$2.69,$3.36 per 100 wipes
Killarnee Lamb Shanks per kg,https://www.aldi.com.au/fileadmin/_processed_/b/4/csm_ALN3401-20_REDUCTIONS_FUTURE-PRICE-_RND20__1x1_228x128_013f586bc5.jpg,per kg,$11.99,$11.99 per kg
Just Organic Passata 690g,https://www.aldi.com.au/fileadmin/_processed_/3/8/csm_ALN3401-19_REDUCTIONS_FUTURE-PRICE-_RND19__1x1_228x128__7fddd013e5.jpg,690g,$1.99,29c per 100g
Willowton Free Range Chicken Tenderloins 1kg,https://www.aldi.com.au/fileadmin/_processed_/7/f/csm_ALN3401-19_REDUCTIONS_FUTURE-PRICE-_RND19__1x1_228x128_2_e9b1ca5d4f.jpg,1kg,$16.49,$16.49 per kg
Power Force Active Gel Discs Toilet Gel Discs 75ml,https://www.aldi.com.au/fileadmin/_processed_/3/1/csm_ALN3401-18_REDUCTIONS_FUTURE-PRICE-_RND18__1x1_228x128__ba0292357f.jpg,ea,$4.79,$6.39 per 100ml
Ocean Royale Atlantic Salmon Portions 1kg,https://www.aldi.com.au/fileadmin/_processed_/2/a/csm_ALN3401-18_REDUCTIONS_FUTURE-PRICE-_RND18__1x1_228x128_2_7462dd41af.jpg,1kg,$22.99,$22.99 per kg
Ocean Royale Raw Prawn Cutlets 500g,https://www.aldi.com.au/fileadmin/_processed_/9/7/csm_ALN3401-18_REDUCTIONS_FUTURE-PRICE-_RND18__1x1_228x128_3_286fc2bf76.jpg,500g,$12.99,$25.98 per kg
Farmdale Lactose Free Milk 1L,https://www.aldi.com.au/fileadmin/_processed_/1/a/csm_ALN3401-18_REDUCTIONS_FUTURE-PRICE-_RND18__1x1_228x128_4_8848e3e645.jpg,1L,$1.49,$1.49 per Litre
Farmdale Condensed Milk 397g,https://www.aldi.com.au/fileadmin/_processed_/6/4/csm_ALN3401-18_REDUCTIONS_FUTURE-PRICE-_RND18__1x1_228x128_5_4cc2b1af7f.jpg,397g,$1.39,35c per 100g
The Cake Stall Muffins 480g/4pk,https://www.aldi.com.au/fileadmin/_processed_/6/e/csm_ALN3401-17_REDUCTIONS_FUTURE-PRICE-_RND17__1x1_228x128__e855728952.jpg,4pk,$2.89,60c per 100g
The Cake Stall Muffins 480g/4pk,https://www.aldi.com.au/fileadmin/_processed_/2/e/csm_ALN3401-17_REDUCTIONS_FUTURE-PRICE-_RND17__1x1_228x128_2_2d2c0b35b4.jpg,4pk,$2.89,60c per 100g
Willowton Free Range Chicken Breast Fillets 1kg,https://www.aldi.com.au/fileadmin/_processed_/c/3/csm_ALN3401-17_REDUCTIONS_FUTURE-PRICE-_RND17__1x1_228x128_3_2e67c2639a.jpg,1kg,$11.49,$11.49 per kg
"Ready, Set…Cook! Boneless Butterflied Chicken 1kg",https://www.aldi.com.au/fileadmin/_processed_/6/4/csm_ALN3401-17_REDUCTIONS_FUTURE-PRICE-_RND17__1x1_228x128_4_2d50c3a8b2.jpg,ea,$9.49,$9.49 per kg
Emporium Selection Dutch Cheese 230g/265g,https://www.aldi.com.au/fileadmin/_processed_/f/0/csm_ALN3401-16_REDUCTIONS_FUTURE-PRICE-_RND16__1x1_228x128__93121141c1.jpg,ea,$2.99,$13.00/$11.28  per kg
Emporium Selection Dutch Cheese 200g/260g,https://www.aldi.com.au/fileadmin/_processed_/8/a/csm_ALN3401-16_REDUCTIONS_FUTURE-PRICE-_RND16__1x1_228x128_2_e4d5f41776.jpg,ea,$2.99,$14.95/$11.50 per kg
Ocean Royale Barramundi Portions 1kg,https://www.aldi.com.au/fileadmin/_processed_/9/2/csm_ALN3401-15_REDUCTIONS_FUTURE-PRICE-_RND15__1x1_228x128__0f23490e2c.jpg,per kg,$17.99,$17.99 per kg
Ocean Rise Premium Red Salmon 210g,https://www.aldi.com.au/fileadmin/_processed_/c/3/csm_ALN3401-15_REDUCTIONS_FUTURE-PRICE-_RND15__1x1_228x128_2_29b7a71ba5.jpg,210g,$4.99,$23.76 per kg
SAN-I-PET Cat Litter Clumping 10kg,https://www.aldi.com.au/fileadmin/_processed_/e/a/csm_ALN3401-15_REDUCTIONS_FUTURE-PRICE-_RND15__1x1_228x128_4_8bf9c807b3.jpg,10kg,$5.59,56c per kg
Farmdale Lactose Free Milk 1L,https://www.aldi.com.au/fileadmin/_processed_/4/1/csm_ALN3401-15_REDUCTIONS_FUTURE-PRICE-_RND15__1x1_228x128_7_48bed16dbb.jpg,1L,$1.49,$1.49 per Litre
Westacre Spreadable Cream Cheese 250g,https://www.aldi.com.au/fileadmin/_processed_/1/5/csm_ALN3401-15_REDUCTIONS_FUTURE-PRICE-_RND15__1x1_228x128_8_c1e56beff5.jpg,250g,$2.39,$9.56 per kg
Emporium Selection Brie Cheese 125g,https://www.aldi.com.au/fileadmin/_processed_/6/f/csm_ALN3401-15_REDUCTIONS_FUTURE-PRICE-_RND15__1x1_228x128_9_733ed5336b.jpg,125g,$2.69,$21.52 per kg
Remano Italian Diced Tomatoes 400g,https://www.aldi.com.au/fileadmin/_processed_/0/d/csm_ALN3401-15_REDUCTIONS_FUTURE-PRICE-_RND15__1x1_228x128_10_62654eb9a9.jpg,400g,99c,$2.48 per kg
Power Force Multi Purpose Sponge Scourer 5pk,https://www.aldi.com.au/fileadmin/_processed_/a/5/csm_ALN3401-15_REDUCTIONS_FUTURE-PRICE-_RND15__1x1_228x128_11_9cd91226f5.jpg,5pk,$1.89,38c per unit
Farmdale Butter Milk 600ml,https://www.aldi.com.au/fileadmin/_processed_/9/f/csm_ALN3401-15_REDUCTIONS_FUTURE-PRICE-_RND15__1x1_228x128_12_055e9444ef.jpg,600ml,$1.99,$3.31 per Litre
Remano Pesto Basil 190g,https://www.aldi.com.au/fileadmin/_processed_/c/f/csm_ALN3401-15_REDUCTIONS_FUTURE-PRICE-_RND15__1x1_228x128_13_c6cc984fc9.jpg,190g,$1.79,94c per 100g
Remano Pesto Sundried Tomato 190g,https://www.aldi.com.au/fileadmin/_processed_/f/2/csm_ALN3401-15_REDUCTIONS_FUTURE-PRICE-_RND15__1x1_228x128_14_307f93d12b.jpg,190g,$1.79,94c per 100g
Power Force Pro Glass Cleaner 750ml,https://www.aldi.com.au/fileadmin/_processed_/b/6/csm_ALN3401-15_REDUCTIONS_FUTURE-PRICE-_RND15__1x1_228x128_15_7e8091af83.jpg,750ml,$1.59,21c per 100ml
White Mill Bread Crumbs 500g,https://www.aldi.com.au/fileadmin/_processed_/8/4/csm_ALN3401-15_REDUCTIONS_FUTURE-PRICE-_RND15__1x1_228x128_16_f8507e8cd8.jpg,500g,$1.59,32c per 100g
Just Organic Tomato Paste 140g,https://www.aldi.com.au/fileadmin/_processed_/f/f/csm_ALN3401-15_REDUCTIONS_FUTURE-PRICE-_RND15__1x1_228x128_17_a013c13156.jpg,140g,95c,68c per 100g
Essential Health Paw Paw Ointment 25g,https://www.aldi.com.au/fileadmin/_processed_/e/d/csm_ALN3401-14_REDUCTIONS_FUTURE-PRICE-_RND14-W40__1x1_228x128__efe1136761.jpg,N/A,$2.39,$9.56 per 100g
Julius Dog Treats 2pk or 4pk,https://www.aldi.com.au/fileadmin/_processed_/1/d/csm_ALN3401-14_REDUCTIONS_FUTURE-PRICE-_RND14-W40__1x1_228x128_2_bd1bf904bf.jpg,ea,$3.69,$1.85 - 92c each
Just Organic Apple Cider Vinegar 500ml,https://www.aldi.com.au/fileadmin/_processed_/6/b/csm_ALN3401-14_REDUCTIONS_FUTURE-PRICE-_RND14-W40__1x1_228x128_3_76922bca87.jpg,N/A,$3.19,64c per 100ml
Hillcrest Nut Bars 6 Pack/225g,https://www.aldi.com.au/fileadmin/_processed_/5/a/csm_ALN3401-14_REDUCTIONS_FUTURE-PRICE-_RND14-W40__1x1_228x128_14_3541408b07.jpg,6pk,$2.59,$1.15 per 100g
Piatti Fresh 9 Slice Garlic Bread 270g,https://www.aldi.com.au/fileadmin/_processed_/2/3/csm_ALN3401-14_REDUCTIONS_FUTURE-PRICE-_RND14-W40__1x1_228x128_6_67fed68e86.jpg,N/A,$2.89,$1.07 per 100g
Emporium Selection Smooth Ricotta 375g,https://www.aldi.com.au/fileadmin/_processed_/a/6/csm_ALN3401-14_REDUCTIONS_FUTURE-PRICE-_RND14-W40__1x1_228x128_7_f9eeb01680.jpg,N/A,$2.79,$7.44 per kg
Di San Laundry Sanitiser 1L,https://www.aldi.com.au/fileadmin/_processed_/3/6/csm_ALN3401-14_REDUCTIONS_FUTURE-PRICE-_RND14-W40__1x1_228x128_8_0fa052a6d2.jpg,N/A,$3.79,$3.79 per Litre
Has No Gluten Free Coconut Macaroon 160g,https://www.aldi.com.au/fileadmin/_processed_/e/7/csm_ALN3401-14_REDUCTIONS_FUTURE-PRICE-_RND14-W40__1x1_228x128_10_aff13f483f.jpg,N/A,$2.39,$1.49 per 100g
Hillcrest Fruity Filled Bars 6 Pack/225g,https://www.aldi.com.au/fileadmin/_processed_/0/3/csm_ALN3401-14_REDUCTIONS_FUTURE-PRICE-_RND14-W40__1x1_228x128_4_dc7f345163.jpg,6pk,$2.29,$1.02 per 100g
Seasons Pride Potato Jewels 1kg,https://www.aldi.com.au/fileadmin/_processed_/c/8/csm_ALN3401-14_REDUCTIONS_FUTURE-PRICE-_RND14-W40__1x1_228x128_11_2d7f64483d.jpg,N/A,$2.59,$2.59 per kg
Anco Soft Frabric Softener 1L,https://www.aldi.com.au/fileadmin/_processed_/2/5/csm_ALN3401-14_REDUCTIONS_FUTURE-PRICE-_RND14-W40__1x1_228x128_12_9e98766300.jpg,ea,$3.49,$3.49 per Litre
Market Fare Corn Kernels 1kg,https://www.aldi.com.au/fileadmin/_processed_/b/e/csm_ALN3401-14_REDUCTIONS_FUTURE-PRICE-_RND14-W40__1x1_228x128_13_7cfc3f07bd.jpg,N/A,$2.49,$2.49 per kg
Farmwood Tempura Chicken Nuggets 400g,https://www.aldi.com.au/fileadmin/_processed_/2/7/csm_ALN3401-13_REDUCTIONS_FUTURE-PRICE-_RND13-W39__1x1_228x128__1853cdcbdb.jpg,N/A,$3.39,$8.48 per kg
Mamia Fruit & Oat Bars 90g,https://www.aldi.com.au/fileadmin/_processed_/7/b/csm_ALN3401-13_REDUCTIONS_FUTURE-PRICE-_RND13-W39__1x1_228x128_2_c5784f0ccb.jpg,N/A,$2.69,$2.99 per 100g
Colway Squeezy Mayonnaise 475g/535g,https://www.aldi.com.au/fileadmin/_processed_/1/e/csm_ALN3401-12_REDUCTIONS_FUTURE-PRICE-_RND12-W38__1x1_228x128__8ee501f45b.jpg,N/A,$2.59,55c/48c per 100g
Dairy Dream Greek Style Yogurt 750g/6pk,https://www.aldi.com.au/fileadmin/_processed_/7/e/csm_ALN3401-12_REDUCTIONS_FUTURE-PRICE-_RND12-W38__1x1_228x128_2_892d2a0d23.jpg,6pk,$4.69,63c per 100g
Power Force Pro Disinfectant Wipes 120pk,https://www.aldi.com.au/fileadmin/_processed_/7/d/csm_ALN3401-12_REDUCTIONS_FUTURE-PRICE-_RND12-W38__1x1_228x128_3_6250e7fc52.jpg,120pk,$2.99,$2.49 per 100 wipes
Hillcrest Fruit Rolls 6pk/94g,https://www.aldi.com.au/fileadmin/_processed_/8/9/csm_ALN3401-12_REDUCTIONS_FUTURE-PRICE-_RND12-W38__1x1_228x128_4_d8acff9dee.jpg,6pk,$2.99,$3.18 per 100g
Silvesters Cat Food 12x85g,https://www.aldi.com.au/fileadmin/_processed_/1/9/csm_ALN3401-12_REDUCTIONS_FUTURE-PRICE-_RND12-W38__1x1_228x128_5_9debf450e7.jpg,12pk,$4.49,44c per 100g
Bakers Life Lower Carb High Protein Burger Buns 140g/2pk,https://www.aldi.com.au/fileadmin/_processed_/7/0/csm_ALN3401-11_REDUCTIONS_FUTURE-PRICE-_RND10__1x1_228x128__8996285e2f.jpg,2pk,$2.69,$1.92 per 100g
Sunnyvale Table Spread 1kg,https://www.aldi.com.au/fileadmin/_processed_/6/9/csm_ALN3401-9_REDUCTIONS_FUTURE-PRICE-_RND9__1x1_228x128_6_6c20f23198.jpg,1kg,$1.69,17c per 100g
Protane Shampoo 400ml,https://www.aldi.com.au/fileadmin/_processed_/5/7/csm_ALN3401-9_REDUCTIONS_FUTURE-PRICE-_RND9__1x1_228x128_2_0c03d3f89a.jpg,ea,$2.99,75c per 100ml
Protane Conditioner 400ml,https://www.aldi.com.au/fileadmin/_processed_/e/4/csm_ALN3401-9_REDUCTIONS_FUTURE-PRICE-_RND9__1x1_228x128_3_6d6e5ef5a5.jpg,ea,$2.99,75c per 100ml
Tricare Foam Soap 250ml,https://www.aldi.com.au/fileadmin/_processed_/0/d/csm_ALN3401-9_REDUCTIONS_FUTURE-PRICE-_RND9__1x1_228x128_4_8417f66a74.jpg,ea,$1.89,76c per 100ml
Bakers Life Turkish Bread 400g,https://www.aldi.com.au/fileadmin/_processed_/c/8/csm_ALN3401-10_REDUCTIONS_FUTURE-PRICE-_RND9-ADDITIONS__1x1_228x128__3593e3e0ea.jpg,400g,$1.99,50c per 100g
Bakers Life Turkish Rolls 3pk/450g,https://www.aldi.com.au/fileadmin/_processed_/1/c/csm_ALN3401-10_REDUCTIONS_FUTURE-PRICE-_RND9-ADDITIONS__1x1_228x128_2_e4203af392.jpg,3pk,$1.99,66c each
Jindurra Station Beef Rump Steak per kg,https://www.aldi.com.au/fileadmin/_processed_/6/a/csm_ALN3401-9_REDUCTIONS_FUTURE-PRICE-_RND9__1x1_228x128_5_528982334f.jpg,per kg,$14.99,$14.99 per kg
Jindurra Station 3 Star Beef Mince per kg,https://www.aldi.com.au/fileadmin/_processed_/9/d/csm_ALN3401-7_REDUCTIONS_FUTURE-PRICE-_RND8__1x1_228x128_3_d85305c2d1.jpg,per kg,$9.99,$9.99 per kg
Ironbark Pork Mince 500g,https://www.aldi.com.au/fileadmin/_processed_/b/3/csm_ALN3401-7_REDUCTIONS_FUTURE-PRICE-_RND8__1x1_228x128__66170fb513.jpg,500g,$4.49,$8.98 per kg
Jindurra Station 2 Star Beef Mince 500g,https://www.aldi.com.au/fileadmin/_processed_/8/2/csm_ALN3401-7_REDUCTIONS_FUTURE-PRICE-_RND8__1x1_228x128_2_b528f01381.jpg,500g,$5.49,$10.98 per kg
Forresters Cashews - Roasted and Salted 750g,https://www.aldi.com.au/fileadmin/_processed_/7/b/csm_ALN3401-7_REDUCTIONS_FUTURE-PRICE-_RND8__1x1_228x128_4_8446ee25c9.jpg,750g,$12.99,$17.32 per kg
Bakers Life Bagels 396g/4pk,https://www.aldi.com.au/fileadmin/_processed_/e/2/csm_ALN3401-7_REDUCTIONS_FUTURE-PRICE-_RND8__1x1_228x128_5_dd902e7c37.jpg,4pk,$2.49,63c per 100g
Mamia Baby Wipes Embossed Fragrance Free 80pk,https://www.aldi.com.au/fileadmin/_processed_/b/b/csm_ALN3388_REDUCTIONS_1x1_228x128_B2_29_c4525691e4.jpg,80pk,$2.69,$3.36 per 100 wipes
Yoguri High Protein Greek Style Yogurt 140g,https://www.aldi.com.au/fileadmin/_processed_/e/0/csm_ALN3447-3_REDUCTIONS_JULY_1x1_228x128__8eea685185.jpg,140g,$1.49,$1.06 per 100g
Sweet Valley Fruit Snacks in Juice 500g,https://www.aldi.com.au/fileadmin/_processed_/1/e/csm_ALN3447-3_REDUCTIONS_JULY_1x1_228x128_4_978b23b62f.jpg,500g,$1.99,$3.98 per kg
White Mill Brownie Mix 500g,https://www.aldi.com.au/fileadmin/_processed_/b/6/csm_ALN3447-3_REDUCTIONS_JULY_1x1_228x128_5_37142f80bd.jpg,500g,$2.49,50c per 100g
Remano Oil Olive 1L,https://www.aldi.com.au/fileadmin/_processed_/e/d/csm_ALN3447-3_REDUCTIONS_JULY_1x1_228x128_6_15d22dafbc.jpg,1L,$5.49,55c per 100ml
PICK’D Fruitism Fruit Smoothie 1L,https://www.aldi.com.au/fileadmin/_processed_/d/7/csm_ALN3447-3_REDUCTIONS_JULY_1x1_228x128_7_2b8e2db805.jpg,1L,$3.79,$3.79 per litre
Solesta Orange Drink 4L,https://www.aldi.com.au/fileadmin/_processed_/c/4/csm_ALN3447-3_REDUCTIONS_JULY_1x1_228x128_8_5d889bad77.jpg,4L,$3.59,90c per litre
Farmdale Evaporated Milk 384ml,https://www.aldi.com.au/fileadmin/_processed_/d/9/csm_ALN3447-3_REDUCTIONS_JULY_1x1_228x128_9_c3261d0a26.jpg,384ml,$1.79,$4.66 per litre
Solesta Orange & Mango Drink 2L,https://www.aldi.com.au/fileadmin/_processed_/3/7/csm_ALN3447-3_REDUCTIONS_JULY_1x1_228x128_10_9c742f7e48.jpg,2L,$1.79,90c per litre
World Kitchen Lasagne 1.2kg,https://www.aldi.com.au/fileadmin/_processed_/c/5/csm_ALN3447-3_REDUCTIONS_JULY_1x1_228x128_11_ebd4b4a4ac.jpg,1.2kg,$6.49,54c per 100g
Bramwells Mixed Blossom Honey 375g,https://www.aldi.com.au/fileadmin/_processed_/0/4/csm_ALN3447-3_REDUCTIONS_JULY_1x1_228x128_12_d990af0ea7.jpg,375g,$3.99,$1.06 per 100g
Solesta Orange & Passionfruit Fruit Drink 2L,https://www.aldi.com.au/fileadmin/_processed_/c/4/csm_ALN3447-3_REDUCTIONS_JULY_1x1_228x128_13_a238425d77.jpg,2L,$1.79,90c per litre
Ombra Sunscreen SPF50+ 100ml,https://www.aldi.com.au/fileadmin/_processed_/a/9/csm_ALN3447-3_REDUCTIONS_JULY_1x1_228x128_14_9f52c56c33.jpg,100ml,$2.19,$2.19 per 100ml
Forresters Raw Cashews 750g,https://www.aldi.com.au/fileadmin/_processed_/3/c/csm_ALN3447-3_REDUCTIONS_JULY_1x1_228x128_15_5f72c695e2.jpg,750g,$11.99,$15.99 per kg
Forresters Raw Walnuts 500g,https://www.aldi.com.au/fileadmin/_processed_/d/d/csm_ALN3447-3_REDUCTIONS_JULY_1x1_228x128_16_90d8471993.jpg,500g,$7.99,$15.98 per kg
Forresters Almond Meal 400g,https://www.aldi.com.au/fileadmin/_processed_/7/b/csm_ALN3447-3_REDUCTIONS_JULY_1x1_228x128_17_e8e8af85e4.jpg,400g,$5.99,$14.98 per kg
Uncle Toby's Oats Sachets 12pk/420g,https://www.aldi.com.au/fileadmin/_processed_/8/7/csm_ALN3401-6_REDUCTIONS_FUTURE-PRICE-_RND7__1x1_228x128_1_5258409c40.jpg,12pk,$5.29,$1.26 per 100g
Hillcrest Protein Bars 5pk/200g,https://www.aldi.com.au/fileadmin/_processed_/9/5/csm_ALN3401-5_REDUCTIONS_FUTURE-PRICE-_RND6__1x1_228x128_65ef05b941.jpg,ea,$2.99,$1.50 per 100g
Mamia Nappy Pants Walker 26pk,https://www.aldi.com.au/fileadmin/_processed_/a/4/csm_ALN3401-4_REDUCTIONS_FUTURE-PRICE-_RND5__1x1_228x128_3_4388d3313e.jpg,N/A,$8.99,35c per nappy
Mamia Nappy Pants Junior 24pk,https://www.aldi.com.au/fileadmin/_processed_/a/c/csm_ALN3401-4_REDUCTIONS_FUTURE-PRICE-_RND5__1x1_228x128_4_74f39e4fa1.jpg,N/A,$8.99,37c per nappy
Goldenvale Just Bran 530g,https://www.aldi.com.au/fileadmin/_processed_/d/d/csm_ALN3401-2_REDUCTIONS_FUTURE-PRICE-_RND4__1x1_228x128__5f972760fb.jpg,530g,$2.69,51c per 100g
Forresters Mixed Nuts 375g,https://www.aldi.com.au/fileadmin/_processed_/c/1/csm_ALN3401-2_REDUCTIONS_FUTURE-PRICE-_RND4__1x1_228x128_2_10d7388067.jpg,375g,$2.69,$7.17 per kg
Berg Short Cut Bacon Rindless 1kg,https://www.aldi.com.au/fileadmin/_processed_/3/0/csm_ALN3401-2_REDUCTIONS_FUTURE-PRICE-_RND4__1x1_228x128_3_4c38ff2a77.jpg,1kg,$8.99,$8.99 per kg
Food Envy Chocolate Mousse Plain or with Salted Caramel 2 x 62g,https://www.aldi.com.au/fileadmin/_processed_/e/4/csm_ALN3401-2_REDUCTIONS_FUTURE-PRICE-_RND4__1x1_228x128_7_6340aecc09.jpg,62g,$1.89,$1.52 per 100g
Ocean Rise Yellowfin Tuna Chunks 425g,https://www.aldi.com.au/fileadmin/_processed_/e/3/csm_ALN3447-7_REDUCTIONS_JULY_1x1__B2__228x128_4_a40e353de8.jpg,ea,$3.69,$8.68 per kg
Oh So Natural Pine Nuts 100g,https://www.aldi.com.au/fileadmin/_processed_/b/5/csm_ALN3401-2_REDUCTIONS_FUTURE-PRICE-_RND4__1x1_228x128_10_1d5b9f732e.jpg,100g,$4.29,$42.90 per kg
Forresters Cowboy Mix 500g,https://www.aldi.com.au/fileadmin/_processed_/1/e/csm_ALN3401-2_REDUCTIONS_FUTURE-PRICE-_RND4__1x1_228x128_11_687adb84b3.jpg,$11.98 per kg,$5.99,500g
Berg Middle Bacon 1kg,https://www.aldi.com.au/fileadmin/_processed_/5/c/csm_ALN3401-2_REDUCTIONS_FUTURE-PRICE-_RND4__1x1_228x128_12_e6c325bce3.jpg,1kg,$8.99,$8.99 per kg
Dairy Dream Yogurt Pouch 110g,https://www.aldi.com.au/fileadmin/_processed_/4/6/csm_ALN3447-7_REDUCTIONS_JULY_1x1__B2__228x128_6_5844fb1a91.jpg,ea,$1.19,$1.08 per 100g
Grandessa Signature Jam Blueberry or Mixed Berry 370g,https://www.aldi.com.au/fileadmin/_processed_/7/c/csm_ALN3388_REDUCTIONS_1x1_228x128_B2_4_f4ec2de94a.jpg,370g,$2.29,62c per 100g
Grandessa Signature Jam Raspberry 370g,https://www.aldi.com.au/fileadmin/_processed_/9/1/csm_ALN3388_REDUCTIONS_1x1_228x128_B2_5_10d045d603.jpg,370g,$2.29,62c per 100g
Westacre Cheese Block Tasty Light 500g,https://www.aldi.com.au/fileadmin/_processed_/1/5/csm_ALN3388_REDUCTIONS_1x1_228x128_B2_6_271c31ef1e.jpg,500g,$4.99,$9.98 per kg
Westacre Cheese Block Tasty 500g,https://www.aldi.com.au/fileadmin/_processed_/d/5/csm_ALN3388_REDUCTIONS_1x1_228x128_B2_7_2b21e1fef5.jpg,500g,$4.79,95c per 100g
Westacre Cheese Block Extra Tasty 500g,https://www.aldi.com.au/fileadmin/_processed_/f/0/csm_ALN3388_REDUCTIONS_1x1_228x128_B2_8_80750a07a1.jpg,500g,$4.99,$9.98 per kg
Sana Incontinence Pads 14pk/12pk/10pk,https://www.aldi.com.au/fileadmin/_processed_/3/3/csm_ALN3388_REDUCTIONS_1x1_228x128_B2_18_7de07f9f49.jpg,14pk/12pk/10pk,$2.99,21c/25c/30c per pad
Lodge Farms Free Range Eggs 600g,https://www.aldi.com.au/fileadmin/_processed_/9/8/csm_ALN3388_REDUCTIONS_1x1_228x128_B2_19_R_2984f5f291.jpg,600g,$3.69,62c per 100g
Elmsbury Spinach & Ricotta Triangles 12pk/360g,https://www.aldi.com.au/fileadmin/_processed_/e/6/csm_ALN3388_REDUCTIONS_1x1_228x128_B2_20_3a42a2442a.jpg,12pk/360g,$1.99,55c per 100g
Natural Elements Pet Nutrition Grain Free Dog Food 100g,https://www.aldi.com.au/fileadmin/_processed_/4/c/csm_ALN3388_REDUCTIONS_1x1_228x128_B2_21_b02f11fbb7.jpg,100g,99c,99c per 100g
Julius Dog Food 8kg,https://www.aldi.com.au/fileadmin/_processed_/a/8/csm_ALN3388_REDUCTIONS_1x1_228x128_B2_22_9f1f1cc3ba.jpg,8kg,$9.99,13c per 100g
Lacura Essentials BB Cream 50ml,https://www.aldi.com.au/fileadmin/_processed_/c/d/csm_ALN3388_REDUCTIONS_1x1_228x128_B4_28_c02370ee73.jpg,50ml,$4.99,$9.98 per 100ml
Ocean Royale Basa Fillets (Frozen) 1kg,https://www.aldi.com.au/fileadmin/_processed_/9/e/csm_ALN3425_REDUCTIONS__BASA-FILLETS__1x1_228x128_f4470b9180.jpg,1kg,$6.99,$6.99 per kg
The Cake Stall Banana Bread 5pk 500g,https://www.aldi.com.au/fileadmin/_processed_/6/1/csm_ALN3388_REDUCTIONS_1x1_228x128_B2_26_8c37999c36.jpg,500g,$4.29,86c per 100g
Just Organic Pitted Kalamata Olives 350g,https://www.aldi.com.au/fileadmin/_processed_/1/5/csm_ALN3388_REDUCTIONS_1x1_228x128_B2_27_193ac3b139.jpg,350g,$3.29,$9.40 per kg
Ocean Royale Wild Raw Peeled Prawns 500g,https://www.aldi.com.au/fileadmin/_processed_/b/f/csm_ALN3388_REDUCTIONS_1x1_228x128_B4_1_95cc4cd535.jpg,500g,$16.99,$33.98 per kg
Oh So Natural LSA or Linseed 250g-500g,https://www.aldi.com.au/fileadmin/_processed_/0/0/csm_ALN3388_REDUCTIONS_1x1_228x128_B4_3_4ce11f74a9.jpg,250g-500g,$2.79,$1.12-$0.56 per 100g
Just Organic Goji Berries 150g,https://www.aldi.com.au/fileadmin/_processed_/a/3/csm_ALN3388_REDUCTIONS_1x1_228x128_B4_4_e76a8b5422.jpg,150g,$4.49,$29.93 per kg
Stonemill Black Peppercorn Grinder 50g,https://www.aldi.com.au/fileadmin/_processed_/b/e/csm_ALN3388_REDUCTIONS_1x1_228x128_B4_15_268ad8e459.jpg,50g,$2.69,54c per 10g
Stonemill Sea Salt Iodised Grinder 110g,https://www.aldi.com.au/fileadmin/_processed_/b/9/csm_ALN3388_REDUCTIONS_1x1_228x128_B4_16_677161300d.jpg,110g,$2.69,24c per 10g
"Ready, Set…Cook! Pork Loin Greek Style per kg",https://www.aldi.com.au/fileadmin/_processed_/7/e/csm_ALN3388_REDUCTIONS_1x1_228x128_B4_17_9753d902be.jpg,per kg,$15.99,$15.99 per kg
Has No GF Pancake Buttermilk/Original 325g,https://www.aldi.com.au/fileadmin/_processed_/e/9/csm_ALN3388_REDUCTIONS_1x1_228x128_B4_21_45673158dd.jpg,325g,$2.29,71c per 100g
Frozen Fish Crumbed/Battered 1kg,https://www.aldi.com.au/fileadmin/_processed_/2/5/csm_ALN3388_REDUCTIONS_1x1_228x128_B4_22_627060393c.jpg,1kg,$6.99,$6.99 per kg
Casa Barelli Gourmet Pasta 500g,https://www.aldi.com.au/fileadmin/_processed_/b/d/csm_ALN3388_REDUCTIONS_1x1_228x128_B4_23_794a8a61ab.jpg,500g,$1.99,40c per 100g
Oh So Natural Superfood Powders,https://www.aldi.com.au/fileadmin/_processed_/a/f/csm_ALN3388_REDUCTIONS_1X1_228x128_B3__5bd05da39d.jpg,100-125g,$4.69,$4.69-$3.75 per 100g
Dentitex Interdental Pro Toothbrush,https://www.aldi.com.au/fileadmin/_processed_/a/0/csm_ALN3388_REDUCTIONS_1X1_228x128_B3_2_4e0567b974.jpg,2pk,$1.89,95c per unit
Logix Dishwashing Powder,https://www.aldi.com.au/fileadmin/_processed_/c/8/csm_ALN3388_REDUCTIONS_1X1_228x128_B3_3_caae536300.jpg,1kg,$3.69,37c per 100g
Asia Specialties Sriracha Sauce,https://www.aldi.com.au/fileadmin/_processed_/c/8/csm_ALN3388_REDUCTIONS_1X1_228x128_B3_4_053cc4af77.jpg,480g/520g,$3.49,73-67c per 100g
Goldenvale Oats Sensations 12pk/420g,https://www.aldi.com.au/fileadmin/_processed_/1/4/csm_ALN3375_REDUCTIONS_1x1_228x128_35_07905354fb.jpg,12pk/420g,$3.29,78c per 100g
World Kitchen Mini Pizza Bases 12pk/700g,https://www.aldi.com.au/fileadmin/_processed_/b/2/csm_ALN3375_REDUCTIONS_1x1_228x128_36_2b70cc34bd.jpg,12pk/700g,$3.49,50c per 100g
Jindurra Station Beef Scotch Fillet Steak per kg,https://www.aldi.com.au/fileadmin/_processed_/3/8/csm_ALN3375_REDUCTIONS_1x1_228x128_33_R_f886a47b59.jpg,per kg,$24.99,$24.99 per kg
Jindurra Station Beef Porterhouse per kg,https://www.aldi.com.au/fileadmin/_processed_/2/6/csm_ALN3375_REDUCTIONS_1x1_228x128_34_R_7d404478ea.jpg,per kg,$19.99,$19.99 per kg
Ocean Royale Frozen Salt & Pepper Squid 360g,https://www.aldi.com.au/fileadmin/_processed_/4/7/csm_ALN3401_REDUCTIONS_1x1_228x128_R_2747c61b61.jpg,360g,$4.99,$13.86 per kg
Lodge Farms Free Range Eggs 700g,https://www.aldi.com.au/fileadmin/_processed_/9/6/csm_ALN3375_REDUCTIONS_1x1_228x128_15_519724d998.jpg,700g,$3.99,
Just Organic Passata 690g,https://www.aldi.com.au/fileadmin/_processed_/2/d/csm_ALN3375_REDUCTIONS_1x1_228x128_27_5aea6144fa.jpg,690g,$1.99,29c per 100g
Nuttelex Original 375g,https://www.aldi.com.au/fileadmin/_processed_/0/6/csm_ALN3375_REDUCTIONS_1x1_228x128_17_2ef9c47083.jpg,375g,$2.29,
Natural Elements Pet Nutrition Dog Grain Free Sticks 5pk,https://www.aldi.com.au/fileadmin/_processed_/b/2/csm_ALN3375_REDUCTIONS_1x1_228x128_18_d0779493cc.jpg,5pk,$3.79,76c ea
Grandessa Signature Jam 370g,https://www.aldi.com.au/fileadmin/_processed_/9/d/csm_ALN3375_REDUCTIONS_1x1_228x128_22_357e4cf786.jpg,370g,$2.29,62c per 100g
Sweet Valley Australian Apple Slices in Juice 410g,https://www.aldi.com.au/fileadmin/_processed_/8/0/csm_ALN3375_REDUCTIONS_1x1_228x128_23_c53b694745.jpg,410g,$1.95,$4.76 per kg
Inner Goodness Unsweetened Coconut Milk 1L,https://www.aldi.com.au/fileadmin/_processed_/d/6/csm_ALN3375_REDUCTIONS_1x1_228x128_24_db3717b3e1.jpg,1L,$1.99,$1.99 per Litre
Forresters Baking Nuts Almond 125g,https://www.aldi.com.au/fileadmin/_processed_/b/f/csm_ALN3375_REDUCTIONS_1x1_228x128_32_f3832c364e.jpg,125g,$3.49,
"Berg Chicken Breast with Semi-dried Tomato, Parmesan and Spring Onion per kg",https://www.aldi.com.au/fileadmin/_processed_/e/c/csm_W45_SUPER_SAVERS_MEAT_1x1__7270a6eaf1.jpg,per kg,$17.99,$17.99 per kg
KRC Cantonese Style Pork Shoulder per kg,https://www.aldi.com.au/fileadmin/_processed_/8/3/csm_W45_SUPER_SAVERS_MEAT_1x1_2_5969fed700.jpg,per kg,$12.99,$12.99 per kg
Farm Foods Pork & Beef Cheesy Brats 450g,https://www.aldi.com.au/fileadmin/_processed_/6/8/csm_W45_SUPER_SAVERS_MEAT_1x1_3_9d65dbc875.jpg,450g,$6.99,$15.53 per kg
The Fishmonger New Zealand Sourdough Crumbed Hoki Fillets 300g,https://www.aldi.com.au/fileadmin/_processed_/c/e/csm_W45_SUPER_SAVERS_MEAT_1x1_4_3fe19072c1.jpg,300g,$6.99,$23.30 per kg
Broad Oak Farms Chicken Breast Fillets Bulk Value Pack per kg,https://www.aldi.com.au/fileadmin/_processed_/1/6/csm_W45_SUPER_SAVERS_MEAT_1x1_5_24d21c19e9.jpg,per kg,$7.99,$7.99 per kg
Broad Oak Farms Chicken & Cheese Schnitzel 1kg,https://www.aldi.com.au/fileadmin/_processed_/d/5/csm_ALN3612_1x1_SSV-OCT-B4_228x128__b9b5cb3b4b.jpg,per kg,$6.99,$6.99 per kg
Ironbark Pork Belly per kg,https://www.aldi.com.au/fileadmin/_processed_/3/e/csm_ALN3612_1x1_SSV-OCT-B4_228x128_2_e8b4e4d0aa.jpg,per kg,$11.99,$11.99 per kg
Brooklea Strawberry Yogurt Squishy Super Size 150g,https://www.aldi.com.au/fileadmin/_processed_/7/d/csm_ALN3662_1x1_SSV-NOV-B1_228x628__171f753822.jpg,150g,99c,66c per 100g
Brooklea Vanilla Yogurt Squishy Super Size 150g,https://www.aldi.com.au/fileadmin/_processed_/3/f/csm_ALN3662_1x1_SSV-NOV-B1_228x628_2_f9b4862ff5.jpg,150g,99c,66c per 100g
Brooklea Blueberry Yogurt Squishy Super Size 150g,https://www.aldi.com.au/fileadmin/_processed_/1/f/csm_ALN3662_1x1_SSV-NOV-B1_228x628_3_746474e66d.jpg,150g,99c,66c per 100g
Yopro Vanilla Yogurt Pouch 150g,https://www.aldi.com.au/fileadmin/_processed_/b/b/csm_ALN3662_1x1_SSV-NOV-B1_228x628_4_a544d01c82.jpg,150g,$1.49,99c per 100g
Yopro Mango Yogurt Pouch 150g,https://www.aldi.com.au/fileadmin/_processed_/1/4/csm_ALN3662_1x1_SSV-NOV-B1_228x628_5_934b6191a4.jpg,150g,$1.49,99c per 100g
Monarch Indulge Gourmet Ice Cream Cookies 4pk/560ml – Assorted Flavours,https://www.aldi.com.au/fileadmin/_processed_/1/8/csm_ALN3662_1x1_SSV-NOV-B1_228x628_6_d8ae197a7b.jpg,ea,$3.49,62c per 100ml
Indulge Gourmet Ice Cream 1L – Vanilla Bean,https://www.aldi.com.au/fileadmin/_processed_/d/b/csm_ALN3662_1x1_SSV-NOV-B1_228x628_7_2027d400c9.jpg,1L,$3.99,40c per 100ml
"Indulge Gourmet Ice Cream 1L – Coffee Mocha, Belgian Chocolate or White Choc Raspberry",https://www.aldi.com.au/fileadmin/_processed_/e/6/csm_ALN3662_1x1_SSV-NOV-B1_228x628_8_c8d254514d.jpg,ea,$3.99,40c per 100ml
Indulge Gourmet Ice Cream 1L – Cookies & Cream,https://www.aldi.com.au/fileadmin/_processed_/5/3/csm_ALN3662_1x1_SSV-NOV-B1_228x628_9_56a88ea20f.jpg,1L,$3.99,40c per 100ml
Streets Family Classic Value Pack 20pk/1.75L,https://www.aldi.com.au/fileadmin/_processed_/a/4/csm_ALN3662_1x1_SSV-NOV-B1_228x628_10_e0484f86eb.jpg,20pk,$16.99,97c per 100ml
Milfina Summer Delight 6pk/540ml – Caramel,https://www.aldi.com.au/fileadmin/_processed_/3/7/csm_ALN3662_1x1_SSV-NOV-B1_228x628_11_e6de4aae73.jpg,6pk,$3.99,74c per 100ml
Emporium Selection Persian Fetta 180g,https://www.aldi.com.au/fileadmin/_processed_/1/5/csm_ALN3662_1x1_SSV-NOV-B1_228x628_12_9162bd29f3.jpg,180g,$2.99,$16.61 per kg
Snackers Market Little Pickers Cubed Tasty Cheese & Pretzels 40g,https://www.aldi.com.au/fileadmin/_processed_/6/9/csm_ALN3662_1x1_SSV-NOV-B1_228x628_13_ffaa28cfb8.jpg,40g,99c,$24.75 per kg
Westacre Snack ’n’ Go 40g/50g,https://www.aldi.com.au/fileadmin/_processed_/0/f/csm_ALN3662_1x1_SSV-NOV-B1_228x628_14_47bb36f037.jpg,ea,99c,$24.75/$19.80 per kg
Snackers Market Little Pickers Cubed Tasty Cheese & Mini Crackers 35g,https://www.aldi.com.au/fileadmin/_processed_/5/0/csm_ALN3662_1x1_SSV-NOV-B1_228x628_15_53a26d93bb.jpg,35g,99c,$28.29 per kg
Westacre Cream Cheese Block 250g,https://www.aldi.com.au/fileadmin/_processed_/8/2/csm_ALN3662_1x1_SSV-NOV-B1_228x628_16_b7a7e637de.jpg,250g,$1.99,$7.96 per kg
Farmdale Evaporated Milk 384ml/385ml,https://www.aldi.com.au/fileadmin/_processed_/6/a/csm_ALN3662_1x1_SSV-NOV-B1_228x628_17_f9bd7df289.jpg,384ml,99c,$2.58 - $2.57 per litre
Farmdale Condensed Milk 397g,https://www.aldi.com.au/fileadmin/_processed_/c/b/csm_ALN3662_1x1_SSV-NOV-B1_228x628_18_ba22fcee3d.jpg,397g,99c,25c per 100g
Deli Originals Fresh Topped Hommus 200g – Assorted Varieties,https://www.aldi.com.au/fileadmin/_processed_/8/b/csm_ALN3662_1x1_SSV-NOV-B1_228x628_19_5d8be2bb8f.jpg,ea,$1.99,$1.00 per 100g
Deli Originals Fresh Multipack Hommus 3 x 65g,https://www.aldi.com.au/fileadmin/_processed_/a/a/csm_ALN3662_1x1_SSV-NOV-B1_228x628_20_7e30a770b7.jpg,3pk,$1.49,76c per 100g
Snackers Market Dip and Crackers 65g – Hommus or Beetroot Hommus,https://www.aldi.com.au/fileadmin/_processed_/8/0/csm_ALN3662_1x1_SSV-NOV-B1_228x628_21_775151a48e.jpg,ea,99c,$1.52 per 100g
Emporium Selection Bocconcini 200g,https://www.aldi.com.au/fileadmin/_processed_/3/5/csm_ALN3662_1x1_SSV-NOV-B1_228x628_22_e2dfce5ace.jpg,200g,$2.99,$14.95 per kg
Pick’d Orange Juice With Pulp 2L,https://www.aldi.com.au/fileadmin/_processed_/c/f/csm_ALN3662_1x1_SSV-NOV-B1_228x628_23_b5f2e37304.jpg,2L,$3.99,$2.00 per litre
Pick’d Fruitism Fruit Smoothie 1L – Assorted,https://www.aldi.com.au/fileadmin/_processed_/1/c/csm_ALN3662_1x1_SSV-NOV-B1_228x628_24_5913839e1d.jpg,ea,$3.49,$3.49 per litre
World Kitchen Pork and Ginger Dumplings 300g,https://www.aldi.com.au/fileadmin/_processed_/9/0/csm_ALN3662_1x1_SSV-NOV-B1_228x628_25_e7225e86e3.jpg,300g,$4.99,$1.66 per 100g
Blackstone Flavoured Popcorn 90g – Assorted Flavours,https://www.aldi.com.au/fileadmin/_processed_/1/7/csm_ALN3662_1x1_SSV-NOV-B1_228x628_26_aa4291ae6f.jpg,ea,$1.99,$2.21 per 100g
Blackstone Purple Potato & Sweet Potato Chips 120g,https://www.aldi.com.au/fileadmin/_processed_/3/6/csm_ALN3662_1x1_SSV-NOV-B1_228x628_27_8f1db2a059.jpg,120g,$2.49,$2.08 per 100g
Just Organic Corn Chips 200g,https://www.aldi.com.au/fileadmin/_processed_/9/5/csm_ALN3662_1x1_SSV-NOV-B1_228x628_28_395c3c27ae.jpg,200g,$1.99,$1.00 per 100g
Expressi Coffee Capsule Machine ONE,https://www.aldi.com.au/fileadmin/_processed_/b/7/csm_ALN3662_1x1_SSV-NOV-B1_228x628_29_f808646dd7.jpg,N/A,$69.99,
Nescafé Original 200g,https://www.aldi.com.au/fileadmin/_processed_/1/4/csm_ALN3662_1x1_SSV-NOV-B1_228x628_30_fc561f63c1.jpg,200g,$4.99,$2.50 per 100g
Yellowglen Chardonnay Pinot Noir & Prosecco NV 750ml,https://www.aldi.com.au/fileadmin/_processed_/2/0/csm_ALN3662_1x1_SSV-NOV-B1_228x628_31_eed46ea727.jpg,750ml,$6.49,
Yellowglen Chardonnay Pinot Noir Prosecco & Rose NV 750ml,https://www.aldi.com.au/fileadmin/_processed_/4/f/csm_ALN3662_1x1_SSV-NOV-B1_228x628_32_449b34fb4f.jpg,750ml,$6.49,
El Toro Macho Superior Tempranillo and Bobal 750ml,https://www.aldi.com.au/fileadmin/_processed_/9/c/csm_ALN3662_1x1_SSV-NOV-B1_228x628_33_c60e135579.jpg,750ml,$4.99,
"Coraggioso Nero d’Avola Sicily, Italy 750ml",https://www.aldi.com.au/fileadmin/_processed_/b/e/csm_ALN3662_1x1_SSV-NOV-B1_228x628_34_e60c69e043.jpg,750ml,$4.99,
Loire Valley Sauvignon Blanc 750ml – Product of France,https://www.aldi.com.au/fileadmin/_processed_/3/5/csm_ALN3662_1x1_SSV-NOV-B1_228x628_35_a8fef146e5.jpg,750ml,$7.49,
"Loire Valley Cabernet Franc Rosé 750ml –  IGP Loire Valley, France",https://www.aldi.com.au/fileadmin/_processed_/1/4/csm_ALN3662_1x1_SSV-NOV-B1_228x628_36_05da8ea2af.jpg,750ml,$7.49,
Cape Cyan Natural Blonde Beer 6 x 330ml,https://www.aldi.com.au/fileadmin/_processed_/6/2/csm_ALN3662_1x1_SSV-NOV-B1_228x628_37_ba41503b8e.jpg,6pk,$7.99,
Damora Specialty Crackers 100g,https://www.aldi.com.au/fileadmin/_processed_/8/0/csm_ALN3662_1x1_SSV-NOV-B1_228x628_38_9f6a0db7a2.jpg,ea,$2.99,$2.99 per 100g
Emporium Selection Goat’s Cheese 110g,https://www.aldi.com.au/fileadmin/_processed_/3/c/csm_ALN3662_1x1_SSV-NOV-B1_228x628_39_4cedffec44.jpg,ea,$1.99,$18.09 per kg
Emporium Selection Dutch Cheese 200g/260g,https://www.aldi.com.au/fileadmin/_processed_/0/c/csm_ALN3662_1x1_SSV-NOV-B1_228x628_40_5b89fc5f2f.jpg,ea,$2.99,$14.96/$11.50 per kg
Emporium Selection Smooth Blue Cheese 200g,https://www.aldi.com.au/fileadmin/_processed_/e/b/csm_ALN3662_1x1_SSV-NOV-B1_228x628_41_8aecabad8a.jpg,200g,$3.99,$19.95 per kg
Forresters Mixed Nuts 375g,https://www.aldi.com.au/fileadmin/_processed_/5/d/csm_ALN3662_1x1_SSV-NOV-B1_228x628_42_5761159ae2.jpg,375g,$1.99,$5.31 per kg
Just Organic Pitted Kalamata Olives 350g,https://www.aldi.com.au/fileadmin/_processed_/9/9/csm_ALN3662_1x1_SSV-NOV-B1_228x628_43_ebca4b1716.jpg,350g,$1.99,$5.69 per kg
Deli Originals Antipasti 280g,https://www.aldi.com.au/fileadmin/_processed_/b/0/csm_ALN3662_1x1_SSV-NOV-B1_228x628_44_4fd3fc7816.jpg,ea,$1.99,$7.11 per kg
Deli Originals Sundried Tomatoes 280g,https://www.aldi.com.au/fileadmin/_processed_/0/1/csm_ALN3662_1x1_SSV-NOV-B1_228x628_45_22e06cb53f.jpg,ea,$1.99,$7.11 per kg
Urban Eats Greek Spanakopita 750g,https://www.aldi.com.au/fileadmin/_processed_/d/e/csm_ALN3662_1x1_SSV-NOV-B1_228x628_46_f5bfad4a07.jpg,750g,$5.99,80c per 100g
Urban Eats Greek Tiropita 750g,https://www.aldi.com.au/fileadmin/_processed_/1/2/csm_ALN3662_1x1_SSV-NOV-B1_228x628_47_8df3e615c5.jpg,750g,$5.99,80c per 100g
Berg Deli Spicy Sopressa Salami 100g,https://www.aldi.com.au/fileadmin/_processed_/4/5/csm_ALN3662_1x1_SSV-NOV-B1_228x628_48_ec19a159b5.jpg,100g,$1.99,$19.90 per kg
Berg Deli Sliced Prosciutto 100g,https://www.aldi.com.au/fileadmin/_processed_/e/2/csm_ALN3662_1x1_SSV-NOV-B1_228x628_49_d6c291b2b4.jpg,100g,$2.99,$29.90 per kg
Berg Deli Mild Sopressa Salami 100g,https://www.aldi.com.au/fileadmin/_processed_/a/0/csm_ALN3662_1x1_SSV-NOV-B1_228x628_50_d13b06b108.jpg,100g,$1.99,$19.90 per kg
